%% This BibTeX bibliography file was created using BibDesk.
%% http://bibdesk.sourceforge.net/


%% Created for Jhonatan Oliveira at 2016-02-01 12:01:34 -0600 


%% Saved with string encoding Unicode (UTF-8) 

@article{kubitza2013ingredients,
  title={Ingredients for a new wave of ubicomp products},
  author={Kubitza, Thomas and Pohl, Norman and Dingler, Tilman and Schneegass, Stefan and Weichel, Christian and Schmidt, Albrecht},
  journal={IEEE Pervasive Computing},
  number={3},
  pages={5--8},
  year={2013},
  publisher={IEEE}
}


@article{joyner2010algorithmic,
  title={Algorithmic Graph Theory},
  author={Joyner, David and Van Nguyen, Minh and Cohen, Nathann},
  journal={Google Code},
  year={2010}
}

@inproceedings{vujovic2014raspberry,
  title={Raspberry Pi as a Wireless Sensor node: Performances and constraints},
  author={Vujovic, Vladimir and Maksimovic, Milan},
  booktitle={37th International Convention on Information and Communication Technology, Electronics and Microelectronics},
  pages={1013--1018},
  year={2014},
  organization={IEEE}
}


@article{pi2012raspberry,
  title={Raspberry pi},
  author={Pi, Raspberry},
  journal={Raspberry Pi 1 HDMI 13 Secure Digital 34 Universal Serial Bus 56 Python (programming language) 84},
  pages={1},
  year={2012}
}

@article{wong2011build,
  title={Build your own prototype Raspberry Pi minicomputer},
  author={Wong, George},
  journal={Ubergizmo, November},
  volume={2},
  year={2011}
}


@book{berge1973graphs,
  title={Graphs and hypergraphs},
  author={Berge, Claude and Minieka, Edward},
  volume={7},
  year={1973},
  publisher={North-Holland publishing company Amsterdam}
}


@book{flanagan2006javascript,
  title={JavaScript: the definitive guide},
  author={Flanagan, David},
  year={2006},
  publisher={" O'Reilly Media, Inc."}
}

@misc{github_2016,
author={GitHub},
title={GitHub · Where software is built},
url={https://github.com/},
urldate={2016-1-01},
year={2016}
}



@misc{resp2,
author={Raspberry Pi Foundation},
title={Raspberry Pi 2 Model B},
url={https://www.raspberrypi.org/products/raspberry-pi-2-model-b/},
urldate={2016-1-02},
year={2016}
}

@misc{abi16,
author={Allied Business Intelligence, Inc.},
title={The Number of Interactive Kiosks in Operation will Nearly Double to Three Million by 2016},
url={https://www.abiresearch.com/press/the-number-of-interactive-kiosks-in-operation-will/},
urldate={2016-3-02},
year={2016}
}


@misc{webrtc,
author={WebRTC},
title={WebRTC Home | WebRTC},
url={https://webrtc.org/},
urldate={2016-1-01},
year={2016}
}


@misc{topcoder,
author={Topcoder},
title={Data Science Tutorials},
url={https://www.topcoder.com/},
urldate={2016-3-01},
year={2016}
}

@misc{1_wit.ai_2016,
author={Wit.ai},
title={Wit — Natural Language for Developers},
url={https://wit.ai/},
urldate={2016-1-20},
year={2016}
}

@book{jurafsky2014speech,
  title={Speech and language processing},
  author={Jurafsky, Dan and Martin, James H},
  year={2014},
  publisher={Pearson}
}

@incollection{lin2003granular,
  title={Granular computing},
  author={Lin, Tsau Young},
  booktitle={Rough Sets, Fuzzy Sets, Data Mining, and Granular Computing},
  pages={16--24},
  year={2003},
  publisher={Springer}
}

@article{zadeh1998some,
  title={Some reflections on soft computing, granular computing and their roles in the conception, design and utilization of information/intelligent systems},
  author={Zadeh, Lotfi A},
  journal={Soft Computing-A fusion of foundations, methodologies and applications},
  volume={2},
  number={1},
  pages={23--25},
  year={1998},
  publisher={Springer}
}

@article{lin1998granular,
  title={Granular computing on binary relations I: data mining and neighborhood systems},
  author={Lin, Tsau Young},
  journal={Rough sets in knowledge discovery},
  volume={1},
  pages={107--121},
  year={1998},
  publisher={Physica-Verlag}
}

@incollection{yao2009integrative,
  title={Integrative levels of granularity},
  author={Yao, Yiyu},
  booktitle={Human-Centric Information Processing Through Granular Modelling},
  pages={31--47},
  year={2009},
  publisher={Springer}
}

@inproceedings{yao2005perspectives,
  title={Perspectives of granular computing},
  author={Yao, Yiyu},
  booktitle={Granular Computing, 2005 IEEE International Conference on},
  volume={1},
  pages={85--90},
  year={2005},
  organization={IEEE}
}

@article{yao2011superiority,
  title={The superiority of three-way decisions in probabilistic rough set models},
  author={Yao, Yiyu},
  journal={Information Sciences},
  volume={181},
  number={6},
  pages={1080--1096},
  year={2011},
  publisher={Elsevier}
}

@article{yao2010three,
  title={Three-way decisions with probabilistic rough sets},
  author={Yao, Yiyu},
  journal={Information Sciences},
  volume={180},
  number={3},
  pages={341--353},
  year={2010},
  publisher={Elsevier}
}

@incollection{yao2009three,
  title={Three-way decision: an interpretation of rules in rough set theory},
  author={Yao, Yiyu},
  booktitle={Rough Sets and Knowledge Technology},
  pages={642--649},
  year={2009},
  publisher={Springer}
}

@inproceedings{yao2012outline,
  title={An outline of a theory of three-way decisions},
  author={Yao, Yiyu},
  booktitle={Rough Sets and Current Trends in Computing},
  pages={1--17},
  year={2012},
  organization={Springer}
}

@incollection{zhao2007general,
  title={A general definition of an attribute reduct},
  author={Zhao, Yan and Luo, Feng and Wong, SK Michael and Yao, Yiyu},
  booktitle={Rough Sets and Knowledge Technology},
  pages={101--108},
  year={2007},
  publisher={Springer}
}

@incollection{yao2013concept,
  title={The concept of reducts in Pawlak three-step rough set analysis},
  author={Yao, Yiyu and Fu, Rong},
  booktitle={Transactions on Rough Sets XVI},
  pages={53--72},
  year={2013},
  publisher={Springer}
}

@article{yao2011two,
  title={Two semantic issues in a probabilistic rough set model},
  author={Yao, Yiyu},
  journal={Fundamenta Informaticae},
  volume={108},
  number={3-4},
  pages={249--265},
  year={2011},
  publisher={Citeseer}
}

@incollection{katzberg1994variable,
  title={Variable precision rough sets with asymmetric bounds},
  author={Katzberg, Jack David and Ziarko, Wojciech},
  booktitle={Rough Sets, Fuzzy Sets and Knowledge Discovery},
  pages={167--177},
  year={1994},
  publisher={Springer}
}

@inproceedings{ziarko2002acquisition,
  title={Acquisition of hierarchy-structured probabilistic decision tables and rules from data},
  author={Ziarko, Wojciech},
  booktitle={Fuzzy Systems, 2002. FUZZ-IEEE'02. Proceedings of the 2002 IEEE International Conference on},
  volume={1},
  pages={779--784},
  year={2002},
  organization={IEEE}
}

@article{yao1992decision,
  title={A decision theoretic framework for approximating concepts},
  author={Yao, YY and Wong, S. K. Michael},
  journal={International Journal of Man-Machine Studies},
  volume={37},
  number={6},
  pages={793--809},
  year={1992},
  publisher={Elsevier}
}

@article{wong1987comparison,
  title={Comparison of the probabilistic approximate classification and the fuzzy set model},
  author={Wong, SKM and Ziarko, Wojciech},
  journal={Fuzzy Sets and Systems},
  volume={21},
  number={3},
  pages={357--362},
  year={1987},
  publisher={Elsevier}
}

@inproceedings{pawlak1994rough,
  title={Rough membership functions},
  author={Pawlak, Zdzis{\l}aw and Skowron, Andrzej},
  booktitle={Advances in the Dempster-Shafer theory of evidence},
  pages={251--271},
  year={1994},
  organization={John Wiley \& Sons, Inc.}
}

@article{ziarko1993variable,
  title={Variable precision rough set model},
  author={Ziarko, Wojciech},
  journal={Journal of computer and system sciences},
  volume={46},
  number={1},
  pages={39--59},
  year={1993},
  publisher={Elsevier}
}

@incollection{yao2007decision,
  title={Decision-theoretic rough set models},
  author={Yao, Yiyu},
  booktitle={Rough Sets and Knowledge Technology},
  pages={1--12},
  year={2007},
  publisher={Springer}
}

@incollection{slkezak2005rough,
  title={Rough sets and Bayes factor},
  author={{\'S}l{\c{e}}zak, Dominik},
  booktitle={Transactions on Rough Sets III},
  pages={202--229},
  year={2005},
  publisher={Springer}
}

@article{pawlak1988rough,
  title={Rough sets: probabilistic versus deterministic approach},
  author={Pawlak, Zdzislaw and Wong, S. K. Michael and Ziarko, Wojciech},
  journal={International Journal of Man-Machine Studies},
  volume={29},
  number={1},
  pages={81--95},
  year={1988},
  publisher={Elsevier}
}

@incollection{greco2005rough,
  title={Rough membership and bayesian confirmation measures for parameterized rough sets},
  author={Greco, Salvatore and Matarazzo, Benedetto and S{\l}owi{\'n}ski, Roman},
  booktitle={Rough Sets, Fuzzy Sets, Data Mining, and Granular Computing},
  pages={314--324},
  year={2005},
  publisher={Springer}
}

@incollection{yao2007note,
  title={A note on definability and approximations},
  author={Yao, Yiyu},
  booktitle={Transactions on rough sets VII},
  pages={274--282},
  year={2007},
  publisher={Springer}
}

@incollection{yao2003generalizing,
  title={On generalizing rough set theory},
  author={Yao, YY},
  booktitle={Rough Sets, Fuzzy Sets, Data Mining, and Granular Computing},
  pages={44--51},
  year={2003},
  publisher={Springer}
}

@article{yao1996two,
  title={Two views of the theory of rough sets in finite universes},
  author={Yao, YY},
  journal={International journal of approximate reasoning},
  volume={15},
  number={4},
  pages={291--317},
  year={1996},
  publisher={Elsevier}
}

@article{yao1998constructive,
  title={Constructive and algebraic methods of the theory of rough sets},
  author={Yao, YY},
  journal={Information sciences},
  volume={109},
  number={1},
  pages={21--47},
  year={1998},
  publisher={Elsevier}
}

@article{pawlak1982rough,
  title={Rough sets},
  author={Pawlak, Zdzis{\l}aw},
  journal={International Journal of Computer \& Information Sciences},
  volume={11},
  number={5},
  pages={341--356},
  year={1982},
  publisher={Springer}
}

@article{yao2010three,
  title={Three-way decisions with probabilistic rough sets},
  author={Yao, Yiyu},
  journal={Information Sciences},
  volume={180},
  number={3},
  pages={341--353},
  year={2010},
  publisher={Elsevier}
}

@article{yao1998comparative,
  title={A comparative study of fuzzy sets and rough sets},
  author={Yao, YY},
  journal={Information sciences},
  volume={109},
  number={1},
  pages={227--242},
  year={1998},
  publisher={Elsevier}
}

@article{chakraborty2013rough,
  title={Rough sets: Some foundational issues},
  author={Chakraborty, Mihir K and Banerjee, Mohua},
  journal={Fundamenta Informaticae},
  volume={127},
  number={1-4},
  pages={1--15},
  year={2013},
  publisher={IOS Press}
}


@article{marek1999contributions,
  title={Contributions to the theory of rough sets},
  author={Marek, V Wiktor and Truszczy{\'n}ski, Miros{\l}aw},
  journal={Fundamenta Informaticae},
  volume={39},
  number={4},
  pages={389--409},
  year={1999},
  publisher={IOS Press}
}

@article{breedveld1993computer,
  title={Computer-aids for modelling and conceptual design},
  author={Breedveld, Peter C},
  year={1993},
  publisher={IEEE}
}

@article{rosenberg1971state,
  title={State-space formulation for bond graph models of multiport systems},
  author={Rosenberg, Ronald C},
  journal={Journal of Dynamic Systems, Measurement, and Control},
  volume={93},
  number={1},
  pages={35--40},
  year={1971},
  publisher={American Society of Mechanical Engineers}
}

@article{pollatsek1981concept,
  title={Concept or computation: Students' understanding of the mean},
  author={Pollatsek, Alexander and Lima, Susan and Well, Arnold D},
  journal={Educational Studies in Mathematics},
  volume={12},
  number={2},
  pages={191--204},
  year={1981},
  publisher={Springer}
}

@article{wolff1999evolution,
  title={Evolution and devolution of folkbiological knowledge},
  author={Wolff, Phillip and Medin, Douglas L and Pankratz, Connie},
  journal={Cognition},
  volume={73},
  number={2},
  pages={177--204},
  year={1999},
  publisher={Elsevier}
}

@book{medin1999folkbiology,
  title={Folkbiology},
  author={Medin, Douglas L and Atran, Scott},
  year={1999},
  publisher={Mit Press}
}

@book{lakoff1990women,
  title={Women, fire, and dangerous things: What categories reveal about the mind},
  author={Lakoff, George},
  year={1990},
  publisher={Cambridge Univ Press}
}

@article{goldstone2003concepts,
  title={Concepts and categorization},
  author={Goldstone, Robert L and Kersten, Alan},
  journal={Handbook of psychology},
  year={2003},
  publisher={Wiley Online Library}
}

@article{smith1989concepts,
  title={Concepts and induction},
  author={Smith, Edward E},
  year={1989},
  publisher={The MIT Press}
}

@book{Schechter97,
	Author = {Eric Schechter},
	Date-Added = {2015-07-04 09:16:50 +0000},
	Date-Modified = {2015-07-04 09:17:36 +0000},
	Publisher = {Academic Press},
	Title = {Handbook of Analysis and Its Foundations},
	Year = {1997}}

@book{Brualdi04,
	Author = {Richard A. Brualdi},
	Date-Added = {2015-07-04 09:15:17 +0000},
	Date-Modified = {2015-07-04 09:16:23 +0000},
	Edition = {4},
	Publisher = {Pearson Prentice Hall},
	Title = {Introductory Combinatorics},
	Year = {2004}}

@booklet{Hildebrand14,
	Author = {A.J. Hildebrand},
	Date-Added = {2015-07-04 04:56:51 +0000},
	Date-Modified = {2015-07-04 05:13:48 +0000},
	Howpublished = {\url{http://www.math.uiuc.edu/~hildebr/347.summer14/relations.pdf}},
	Title = {\emph{Lecture Notes: Introduction to Analytic Number Theory}},
	Year = {2014}}

@url{Weisstein15,
	Author = {Eric W. Weisstein},
	Date-Added = {2015-07-04 01:38:54 +0000},
	Date-Modified = {2015-07-04 01:44:58 +0000},
	Title = {Equivalence Relation. \emph{MathWorld}--A Wolfram Web Resource. \url{http://mathworld.wolfram.com/EquivalenceRelation.html}},
	Year = {2015}}

@webpage{one_to_one,
	Author = {McGraw-Hill Dictionary of Scientific \& Technical Terms, 6E.},
	Date-Added = {2015-06-11 03:28:04 +0000},
	Date-Modified = {2015-06-11 03:35:06 +0000},
	Lastchecked = {June 10 2015},
	Title = {One-to-One Correspondence. (n.d.)},
	Url = {http://encyclopedia2.thefreedictionary.com/One-to-One+Correspondence},
	Year = {2003},
	Bdsk-Url-1 = {http://encyclopedia2.thefreedictionary.com/One-to-One+Correspondence}}

@article{iwinski1987algebraic,
  title={Algebraic approach to rough sets},
  author={Iwinski, Tadeusz B},
  journal={Bull. Polish Acad. Sci. Math},
  volume={35},
  pages={673--683},
  year={1987}
}

@article{pawlak1981information,
	Author = {Pawlak, Zdzislaw},
	Journal = {Information systems},
	Number = {3},
	Pages = {205--218},
	Publisher = {Elsevier},
	Title = {Information systems theoretical foundations},
	Volume = {6},
	Year = {1981}}

@article{yao2015two,
	Author = {Yao, Yiyu},
	Journal = {Knowledge-Based Systems},
	Pages = {67--77},
	Publisher = {Elsevier},
	Title = {The two sides of the theory of rough sets},
	Volume = {80},
	Year = {2015}}

@book{pawlak1991rough,
	Author = {Pawlak, Zdzis{\l}aw},
	Publisher = {Springer Science \& Business Media},
	Title = {Rough sets: Theoretical aspects of reasoning about data},
	Volume = {9},
	Year = {1991}}

@article{marek1976information,
	Author = {Marek, Wiktor and Pawlak, Zdzislaw},
	Journal = {Theoretical Computer Science},
	Number = {4},
	Pages = {331--354},
	Publisher = {Elsevier},
	Title = {Information storage and retrieval systems: Mathematical foundations},
	Volume = {1},
	Year = {1976}}

@article{pawlak1995rough,
	Author = {Pawlak, Zdzislaw and Grzymala-Busse, Jerzy and Slowinski, Roman and Ziarko, Wojciech},
	Journal = {Communications of the ACM},
	Number = {11},
	Pages = {88--95},
	Publisher = {ACM},
	Title = {Rough sets},
	Volume = {38},
	Year = {1995}}

@incollection{yao2007note,
	Author = {Yao, Yiyu},
	Booktitle = {Transactions on rough sets VII},
	Pages = {274--282},
	Publisher = {Springer},
	Title = {A note on definability and approximations},
	Year = {2007}}

@book{pemmaraju2003computational,
	Author = {Pemmaraju, Sriram and Skiena, Steven},
	Publisher = {Cambridge University Press},
	Title = {Computational Discrete Mathematics: Combinatorics and Graph Theory with Mathematica{\textregistered}},
	Year = {2003}}

@article{Yao:2003uo,
	Abstract = {Abstract This paper summarizes various formulations of the standard rough set theory. It demonstrates how those formulations can be adopted to develop different generalized rough set theories. The relationships between rough set theory and other theories are ...
},
	Author = {Yao, Y Y},
	Date-Modified = {2015-06-06T07:15:05GMT},
	Journal = {Rough Sets},
	Rating = {0},
	Read = {Yes},
	Title = {{On generalizing rough set theory}},
	Year = {2003}}


@webpage{meteor,
	Author = {Meteor},
	Date-Added = {2016-01-23 21:40:17 +0000},
	Date-Modified = {2016-01-23 21:40:17 +0000},
	Url = {https://www.meteor.com},
	Year = {2016},
	Bdsk-Url-1 = {https://www.meteor.com}}
	
@webpage{node,
	Author = {Node.js},
	Date-Added = {2016-01-23 21:40:17 +0000},
	Date-Modified = {2016-01-23 21:40:17 +0000},
	Url = {https://nodejs.org},
	Year = {2016},
	Bdsk-Url-1 = {https://nodejs.org}}

@webpage{mongo,
	Author = {Mongo},
	Date-Added = {2016-01-23 21:37:19 +0000},
	Date-Modified = {2016-01-23 21:40:38 +0000},
	Url = {https://www.mongodb.org},
	Year = {2016}}
	
	@webpage{skybreak,
	Author = {Skybreak},
	Date-Added = {2016-01-23 21:40:17 +0000},
	Date-Modified = {2016-01-23 21:40:17 +0000},
	Url = {http://info.meteor.com/blog/skybreak-is-now-meteor},
	Year = {2012},
	Bdsk-Url-1 = {http://info.meteor.com/blog/skybreak-is-now-meteor}}

@book{Strauch12,
	Author = {Christof Strauch},
	Date-Added = {2016-01-23 21:21:38 +0000},
	Date-Modified = {2016-01-23 21:22:42 +0000},
	Publisher = {Stuttgart Media University},
	Title = {NoSQL Databases},
	Year = {2012}}

@webpage{reactive2014,
	Author = {Jonas Bon{\'e}r and Dave Farley and Roland Kuhn and Martin Thompson},
	Date-Added = {2016-01-23 21:08:28 +0000},
	Date-Modified = {2016-01-23 21:11:16 +0000},
	Lastchecked = {January 23, 2016},
	Month = {September},
	Title = {The Reactive Manifesto},
	Url = {http://www.reactivemanifesto.org},
	Year = {2014},
	Bdsk-Url-1 = {http://www.reactivemanifesto.org}}

@webpage{oreilly2005,
	Author = {Tim O'Reilly},
	Date-Added = {2016-01-23 20:59:26 +0000},
	Date-Modified = {2016-01-23 21:11:36 +0000},
	Lastchecked = {January 23th, 2016},
	Month = {September},
	Title = {Design Patterns and Business Models for the Next Generation of Software},
	Url = {http://www.oreilly.com/pub/a/web2/archive/what-is-web-20.html},
	Year = {2005},
	Bdsk-Url-1 = {http://www.oreilly.com/pub/a/web2/archive/what-is-web-20.html}}
	
@webpage{ycomb,
	Author = {Erin Griffith},
	Date-Added = {2016-01-23 20:59:26 +0000},
	Date-Modified = {2016-01-23 21:11:36 +0000},
	Lastchecked = {January 23th, 2016},
	Month = {July},
	Title = {First GitHub, Now Meteor: Andreessen Horowitz Backs Another Developer Favorite},
	Url = {https://pando.com/2012/07/25/first-github-now-meteor-andreessen-horowitz-backs-another-developer-favorites/},
	Year = {2012},
	Bdsk-Url-1 = {https://pando.com/2012/07/25/first-github-now-meteor-andreessen-horowitz-backs-another-developer-favorites/}}
	
@webpage{fathom,
	Author = {Frederic Lardinois},
	Date-Added = {2016-01-23 20:59:26 +0000},
	Date-Modified = {2016-01-23 21:11:36 +0000},
	Lastchecked = {January 23th, 2016},
	Month = {October},
	Title = {Meteor Acquires YC Alum FathomDB For Its Development Platform},
	Url = {http://techcrunch.com/2014/10/07/meteor-acquires-yc-alum-fathomdb-for-its-web-development-platform/},
	Year = {2016},
	Bdsk-Url-1 = {http://techcrunch.com/2014/10/07/meteor-acquires-yc-alum-fathomdb-for-its-web-development-platform/}}

@article{SharmaTWGS14,
	Author = {Sugam Sharma and Udoyara Sunday Tim and Johnny S. Wong and Shashi K. Gadia and Subhash Sharma},
	Journal = {Data Science Journal},
	Pages = {138--157},
	Title = {A Brief Review on Leading Big Data Models},
	Volume = {13},
	Year = {2014}}


@article{satish2012money,
  title={Money to ATM--Fake Currency Detection},
  author={Satish, K and Viswanadham, YK and Priya, I Leela},
  publisher={Citeseer}
}

@book{kelsen2012unleashing,
  title={Unleashing the power of digital signage: content strategies for the 5th screen},
  author={Kelsen, Keith},
  year={2012},
  publisher={CRC Press}
}

@book{kelsen2012unleashing,
  title={Unleashing the power of digital signage: content strategies for the 5th screen},
  author={Kelsen, Keith},
  year={2012},
  publisher={CRC Press}
}


@webpage{reactive2014,
	Author = {Jonas Bon{\'e}r and Dave Farley and Roland Kuhn and Martin Thompson},
	Date-Added = {2016-01-23 21:08:28 +0000},
	Date-Modified = {2016-01-23 21:11:16 +0000},
	Lastchecked = {January 23, 2016},
	Month = {September},
	Title = {The Reactive Manifesto},
	Url = {http://www.reactivemanifesto.org},
	Year = {2014},
	Bdsk-Url-1 = {http://www.reactivemanifesto.org}}

@book{Strauch12,
	Author = {Christof Strauch},
	Date-Added = {2016-01-23 21:21:38 +0000},
	Date-Modified = {2016-01-23 21:22:42 +0000},
	Publisher = {Stuttgart Media University},
	Title = {NoSQL Databases},
	Year = {2012}}

@webpage{oreilly2005,
	Author = {Tim O'Reilly},
	Date-Added = {2016-01-23 20:59:26 +0000},
	Date-Modified = {2016-01-23 21:11:36 +0000},
	Lastchecked = {January 23th, 2016},
	Month = {September},
	Title = {Design Patterns and Business Models for the Next Generation of Software},
	Url = {http://www.oreilly.com/pub/a/web2/archive/what-is-web-20.html},
	Year = {2005},
	Bdsk-Url-1 = {http://www.oreilly.com/pub/a/web2/archive/what-is-web-20.html}}

@article{SharmaTWGS14,
	Author = {Sugam Sharma and Udoyara Sunday Tim and Johnny S. Wong and Shashi K. Gadia and Subhash Sharma},
	Journal = {Data Science Journal},
	Pages = {138--157},
	Title = {A Brief Review on Leading Big Data Models},
	Volume = {13},
	Year = {2014}}


@Book{acessguide13,
 author = {},
 title = {Federal disability reference guide},
 publisher = {Human Resources and Skills Development Canada},
 year = {2012},
 address = {Gatineau, Québec},
 isbn = {978-1-100-22090-1}
 }

@article{Kristensen2002197,
	Author = {Kristian Kristensen and Ilse A. Rasmussen},
	Date-Added = {2016-02-05 17:57:32 +0000},
	Date-Modified = {2016-02-05 17:57:32 +0000},
	Doi = {http://dx.doi.org/10.1016/S0168-1699(02)00007-8},
	Issn = {0168-1699},
	Journal = {Computers and Electronics in Agriculture},
	Keywords = {DSS},
	Number = {3},
	Pages = {197 - 217},
	Title = {The use of a {B}ayesian network in the design of a decision support system for growing malting barley without use of pesticides},
	Url = {http://www.sciencedirect.com/science/article/pii/S0168169902000078},
	Volume = {33},
	Year = {2002},
	Bdsk-Url-1 = {http://www.sciencedirect.com/science/article/pii/S0168169902000078},
	Bdsk-Url-2 = {http://dx.doi.org/10.1016/S0168-1699(02)00007-8}}

@inproceedings{butzDosSantosOliveiraGonzales16,
	Author = {C. J. Butz and A. E. dos Santos and J. S. Oliveira and C. Gonzales},
	Booktitle = {Proceedings of the Twenty-Ninth International FLAIRS Conference},
	Date-Added = {2016-01-03 22:14:06 +0000},
	Date-Modified = {2016-02-01 18:01:25 +0000},
	Title = {Testing Independencies in Bayesian Networks with i-Separation},
	Year = {2016}}

@inproceedings{madsenetal16,
	Author = {Anders L. Madsen and C. J. Butz and Jhonatan S. Oliveira and Andr\'e E. dos Santos},
	Booktitle = {Proceedings of the Twenty-Ninth Canadian Artificial Intelligence Conference},
	Date-Added = {2015-11-19 00:52:11 +0000},
	Date-Modified = {2015-11-19 03:02:03 +0000},
	Title = {Is SP really better than LP?},
	Year = {2016}}

@inproceedings{butzetal16,
	Author = {C. J. Butz and J. S. Oliveira and A. E. dos Santos and A. L. Madsen},
	Booktitle = {Proceedings of the Twenty-Ninth International FLAIRS Conference},
	Date-Added = {2015-10-30 21:24:12 +0000},
	Date-Modified = {2016-02-01 18:01:11 +0000},
	Title = {Bayesian Network Inference with Simple Propagation},
	Year = {2016}}

@inproceedings{geigerVermaPearl89,
	Author = {D. Geiger and T. S. Verma and J. Pearl},
	Booktitle = {Fifth Conference on Uncertainty in Artificial Intelligence},
	Date-Added = {2015-09-23 18:16:58 +0000},
	Date-Modified = {2015-09-23 18:16:58 +0000},
	Pages = {139-148},
	Title = {d-Separation: From Theorems to Algorithms},
	Year = {1989}}

@inproceedings{shoikhet97,
	Author = {K. Shoikhet and D. Geiger},
	Booktitle = {AAAI/IAAI'97},
	Date-Added = {2015-09-07 00:25:17 +0000},
	Date-Modified = {2015-09-07 00:26:31 +0000},
	Pages = {185--190},
	Title = {A practical algorithm for finding optimal triangulations},
	Year = {1997}}

@manual{huginApi,
	Author = {F. Jensen},
	Date-Added = {2015-08-30 17:15:04 +0000},
	Date-Modified = {2015-11-05 19:46:32 +0000},
	Title = {HUGIN API Reference Manual - V. 8.1},
	Url = {www.hugin.com},
	Year = {2014},
	Bdsk-Url-1 = {www.hugin.com}}

@article{madsen2005variations,
	Author = {Madsen, Anders L},
	Date-Added = {2015-08-29 21:07:43 +0000},
	Date-Modified = {2015-08-29 22:08:42 +0000},
	Journal = {Systems, Man, and Cybernetics, Part B: Cybernetics, IEEE Transactions on},
	Number = {3},
	Pages = {636--648},
	Publisher = {IEEE},
	Title = {Variations over the message computation algorithm of lazy propagation},
	Volume = {36},
	Year = {2006}}

@inproceedings{rose73,
	Author = {D. J. Rose},
	Booktitle = {Graph Theory and Computing},
	Date-Added = {2015-08-28 19:51:20 +0000},
	Date-Modified = {2015-08-28 19:52:14 +0000},
	Pages = {183--217},
	Title = {A graph-theoretic study of the numerical solution of sparse positive definite systems of linear equations.},
	Year = {1973}}

@inproceedings{medsen04,
	Author = {A. L. Madsen},
	Booktitle = {Proceedings of the Twentieth Uncertainty in Artificial Intelligence},
	Date-Added = {2015-08-24 18:26:10 +0000},
	Date-Modified = {2015-11-06 21:48:15 +0000},
	Pages = {366--373},
	Title = {An empirical evaluation of possible variations of lazy propagation},
	Year = {2004}}

@unpublished{Bengio-et-al-2015-Book,
	Author = {Yoshua Bengio and Ian J. Goodfellow and Aaron Courville},
	Date-Modified = {2015-11-18 22:55:17 +0000},
	Note = {Book in preparation for MIT Press},
	Title = {Deep Learning},
	Url = {http://www.iro.umontreal.ca/~bengioy/dlbook},
	Year = {2015},
	Bdsk-Url-1 = {http://www.iro.umontreal.ca/~bengioy/dlbook}}

@inproceedings{alarm89,
	Author = {I. A. Beinlich and H. J. Suermondt and R. M. Chavez and G. F. Cooper},
	Booktitle = {2nd European Conference on Artificial Intelligence in Medicine},
	Date-Added = {2015-05-28 16:52:41 +0000},
	Date-Modified = {2015-05-28 16:53:59 +0000},
	Pages = {247-256},
	Title = {The ALARM Monitoring System: A Case Study with Two Probabilistic Inference Techniques for Belief Networks.},
	Year = {1989}}

@inproceedings{Spiegelhalter92,
	Author = {D. J. Spiegelhalter and R. G. Cowell},
	Booktitle = {Bayesian Statistics 4},
	Date-Added = {2015-05-28 16:46:18 +0000},
	Date-Modified = {2015-07-28 19:46:43 +0000},
	Pages = {447-466},
	Title = {Learning in probabilistic expert systems},
	Year = {1992}}

@article{xiang01,
	Author = {Yang Xiang},
	Date-Added = {2015-05-25 23:00:57 +0000},
	Date-Modified = {2015-07-15 19:21:55 +0000},
	Journal = {Networks},
	Pages = {53--65},
	Title = {Cooperative triangulation in {MSBNs} without revealing subnet structures},
	Volume = {37},
	Year = {2001}}

@article{cano02,
	Author = {Andr\'e Cano and Seraf\'in Moral and Antonio Salmer\'on},
	Date-Added = {2015-05-25 22:54:21 +0000},
	Date-Modified = {2015-07-17 17:43:26 +0000},
	Journal = {Networks},
	Number = {4},
	Pages = {175--185},
	Title = {Lazy Evaluation in Penniless Propagation over Join Trees},
	Volume = {39},
	Year = {2002}}

@article{pearl86,
	Author = {Judea Pearl},
	Date-Added = {2015-02-13 20:15:18 +0000},
	Date-Modified = {2015-02-13 20:15:55 +0000},
	Journal = {Artificial Intelligence},
	Pages = {241--288},
	Title = {Fusion, Propagation and Structuring in Belief Networks},
	Volume = {29},
	Year = {1986}}

@article{pearl93,
	Author = {Judea Pearl},
	Date-Added = {2015-02-13 20:14:02 +0000},
	Date-Modified = {2015-02-13 20:14:43 +0000},
	Journal = {Artificial Intelligence},
	Pages = {49-56},
	Title = {Belief Networks Revisited},
	Volume = {59},
	Year = {1993}}

@book{pearl09,
	Author = {Judea Pearl},
	Date-Added = {2015-02-13 04:15:36 +0000},
	Date-Modified = {2015-02-13 04:17:04 +0000},
	Publisher = {Cambridge University Press},
	Title = {Causality},
	Year = {2009}}

@unpublished{zhangClassNotes,
	Author = {Nevin L. Zhang},
	Date-Added = {2015-02-06 23:01:39 +0000},
	Date-Modified = {2015-02-07 16:27:18 +0000},
	Note = {Class Notes},
	Title = {COMP538: Introduction to Bayesian Networks},
	Year = {2008}}

@inproceedings{butz15invit,
	Author = {C. J. Butz},
	Booktitle = {Proceedings of the Twenty-Eighth International FLAIRS Conference},
	Date-Added = {2015-01-29 22:47:18 +0000},
	Date-Modified = {2015-05-23 04:30:42 +0000},
	Title = {Introducing Darwinian networks},
	Year = {2015}}

@inproceedings{butzOliveiraDosSantosFlairs15,
	Author = {C. J. Butz and J. S. Oliveira and A. E. dos Santos},
	Booktitle = {Proceedings of the Twenty-Eighth International FLAIRS Conference},
	Date-Added = {2015-01-16 20:56:27 +0000},
	Date-Modified = {2016-01-31 21:03:07 +0000},
	Pages = {600--603},
	Title = {Determining Good Elimination Orderings with Darwinian Networks},
	Year = {2015}}

@inproceedings{madsenHugin03,
	Author = {Anders L. Madsen and Michael Lang and Uffe B. Kj{\ae}rulff and Frank Jensen},
	Booktitle = {7th European Conference on Symbolic and Quantitative Approaches to Reasoning with Uncertainty},
	Date-Added = {2014-12-28 22:39:14 +0000},
	Date-Modified = {2015-05-25 18:55:41 +0000},
	Pages = {594--605},
	Title = {The {H}ugin Tool for Learning Bayesian Networks},
	Year = {2003}}

@inproceedings{butzOliveiraMadsenPGM14,
	Author = {Cory J. Butz and Jhonatan S. Oliveira and Anders L. Madsen},
	Booktitle = {Seventh European Workshop on Probabilistic Graphical Models (PGM)},
	Date-Added = {2014-12-28 19:03:45 +0000},
	Date-Modified = {2015-02-08 01:31:18 +0000},
	Pages = {81--96},
	Title = {Bayesian Network Inference Using Marginal Trees},
	Year = {2014}}

@incollection{butzYanLingrasYao10,
	Author = {C. J. Butz and W. Yan and P. Lingras and Y.Y. Yao},
	Booktitle = {Advances in Intelligent Information Systems},
	Date-Added = {2014-12-26 17:30:31 +0000},
	Date-Modified = {2015-05-25 18:54:21 +0000},
	Pages = {245-257},
	Publisher = {Springer},
	Title = {The {CPT} Structure of Variable Elimination in Discrete {B}ayesian Networks},
	Year = {2010}}

@inproceedings{butzYanMadsen-AI13,
	Author = {C. J. Butz and W. Yan and A. L. Madsen},
	Booktitle = {Twenty-sixth Canadian Conference on Artificial Intelligence (AI)},
	Date-Added = {2014-12-26 17:26:41 +0000},
	Date-Modified = {2015-07-17 17:44:45 +0000},
	Pages = {13--24},
	Title = {d-Separation: Strong Completeness of Semantics in {B}ayesian Network Inference},
	Year = {2013}}

@inproceedings{butzYanMadsen13,
	Author = {C. J. Butz and W. Yan and A. L. Madsen},
	Booktitle = {Twelfth European Conference on Symbolic and Quantitative Approaches to Reasoning with Uncertainty (ECSQARU)},
	Date-Added = {2014-12-26 17:24:04 +0000},
	Date-Modified = {2015-07-17 17:44:35 +0000},
	Pages = {73--84},
	Title = {On Semantics of Inference in {B}ayesian Networks},
	Year = {2013}}

@book{kjaerulffMadsen13,
	Author = {Kj{\ae}rulff, U. B. and Madsen, A. L.},
	Edition = {2nd},
	Publisher = {{Springer}},
	Title = {Bayesian Networks and Influence Diagrams: A Guide to Construction and Analysis},
	Year = {2013}}

@inproceedings{butzHua06,
	Author = {C.J. Butz and S. Hua},
	Booktitle = {Nineteenth Canadian Conference on Artificial Intelligence (AI)},
	Date-Added = {2014-11-03 18:48:06 +0000},
	Date-Modified = {2014-11-03 18:48:06 +0000},
	Pages = {183-194},
	Title = {An Improved {L}azy-AR Approach to {B}ayesian network Inference},
	Year = {2006}}

@inproceedings{mohanPearl14,
	Author = {Karthika Mohan and Judea Pearl},
	Booktitle = {17th International Conference on Artificial Intelligence and Statistics (AISTATS)},
	Date-Added = {2014-07-24 00:12:55 +0000},
	Date-Modified = {2014-07-24 00:12:55 +0000},
	Title = {On the Testability of Models with Missing Data},
	Volume = {33},
	Year = {2014}}

@book{david01,
	Author = {Johnny R. Hilburn, David E. Johnson},
	Date-Added = {2014-07-10 23:57:51 +0000},
	Date-Modified = {2014-07-10 23:58:40 +0000},
	Keywords = {electrical engineering},
	Publisher = {Ltc Editora},
	Title = {Fundamentos De An{\'a}lise De Circuitos El{\'e}tricos},
	Year = {2001}}

@inproceedings{butzMadsenWilliams11,
	Author = {Cory J. Butz and Anders L. Madsen and K. Williams},
	Booktitle = {Eleventh European Conference on Symbolic and Quantitative Approaches to Reasoning with Uncertainty (ECSQARU)},
	Date-Added = {2014-07-10 19:29:18 +0000},
	Date-Modified = {2014-07-10 19:32:25 +0000},
	Pages = {110-121},
	Title = {Using Four Cost Measures to Determine Arc Reversal Orderings},
	Year = {2011}}

@inproceedings{madsenButz11,
	Author = {Anders L. Madsen and Cory J. Butz},
	Booktitle = {Sixth European Workshop on Probabilistic Graphical Models (PGM)},
	Date-Added = {2014-07-10 19:26:16 +0000},
	Date-Modified = {2014-07-10 19:33:22 +0000},
	Pages = {227-234},
	Title = {On the Importance of Elimination Heuristics in Lazy Propagation},
	Year = {2012}}

@article{butzChenKonkelLingras09,
	Author = {Cory J. Butz and J. Chen and K. Konkel and P. Lingras},
	Date-Added = {2014-07-10 04:10:38 +0000},
	Date-Modified = {2014-07-10 19:50:04 +0000},
	Journal = {Intelligent Decision Technologies},
	Number = {3},
	Pages = {173-180},
	Title = {A Formal Comparison of Variable Elimination and Arc Reversal in Bayesian Network Inference},
	Volume = {3},
	Year = {2009}}

@article{butzHuaKonkelYao10,
	Author = {Cory J. Butz and S. Hua and K. Konkel and H. Yao},
	Date-Added = {2014-07-10 02:59:13 +0000},
	Date-Modified = {2014-07-10 19:49:35 +0000},
	Journal = {Networks},
	Number = {4},
	Pages = {350-359},
	Title = {Join Tree Propagation with Prioritized Messages},
	Volume = {55},
	Year = {2010}}

@article{butz11,
	Author = {Cory J. Butz and K. Konkel and P. Lingras},
	Date-Added = {2014-07-10 02:55:59 +0000},
	Date-Modified = {2014-07-10 19:49:17 +0000},
	Journal = {International Journal of Approximate Reasoning},
	Number = {7},
	Pages = {948-959},
	Title = {Join Tree Propagation Utilizing Both Arc Reversal and Variable Elimination},
	Volume = {52},
	Year = {2011}}

@article{butz09-jiis,
	Author = {Cory J. Butz and H. Yao and S. Hua},
	Date-Added = {2014-05-13 22:05:36 +0000},
	Date-Modified = {2014-07-10 19:48:34 +0000},
	Journal = {Journal of Intelligent Information Systems},
	Number = {2},
	Pages = {145-178},
	Title = {A Join Tree Probability Propagation Architecture for Semantic Modeling},
	Volume = {33},
	Year = {2009}}

@inproceedings{butz10,
	Author = {Cory J. Butz and Wen Yan},
	Booktitle = {Fifth European Workshop on Probabilistic Graphical Models},
	Date-Added = {2014-05-13 22:03:07 +0000},
	Date-Modified = {2015-05-25 18:53:45 +0000},
	Pages = {41-49},
	Title = {The Semantics of Intermediate {CPT}s in Variable Elimination},
	Year = {2010}}

@article{tarjan84,
	Author = {R.E. Tarjan and M. Yannakakis.},
	Date-Added = {2014-04-27 19:26:46 +0000},
	Date-Modified = {2014-04-27 19:28:07 +0000},
	Journal = {SIAM Journal on Computing},
	Number = {3},
	Pages = {566-579},
	Title = {Simple linear-time algorithms to test chordality of graphs, test acyclicity of hypergraphs, and selectively reduce acyclic hypergraphs},
	Volume = {13},
	Year = {1984}}

@inproceedings{cozm00,
	Address = {Atibaia, Brazil},
	Author = {Cozman, F. G.},
	Booktitle = {Workshop on Probabilistic Reasoning in Artificial Intelligence},
	Date-Added = {2014-04-27 19:24:28 +0000},
	Date-Modified = {2015-05-25 18:56:11 +0000},
	Title = {Generalizing Variable Elimination in {B}ayesian Networks},
	Year = {2000}}

@inproceedings{butzOliveiraSantosCai15,
	Author = {C. J. Butz and J. S. Oliveira and A. E. dos Santos},
	Booktitle = {Proceedings of the Twenty-Eighth Canadian Artificial Intelligence Conference},
	Date-Added = {2014-02-25 00:28:34 +0000},
	Date-Modified = {2016-01-31 21:02:29 +0000},
	Pages = {16-29},
	Title = {Darwinian Networks},
	Year = {2015},
	Bdsk-Url-1 = {http://www.darwiniannetworks.com}}

@techreport{Kja90,
	Address = {Denmark},
	Author = {U. Kj{\ae}rulff},
	Date-Added = {2014-01-29 04:13:24 +0000},
	Date-Modified = {2014-02-13 16:44:48 +0000},
	Institution = {Aalborg University},
	Month = {March},
	Number = {R90-09},
	Title = {Triangulation of graphs - Algorithms giving small total state space},
	Year = {1990}}

@article{shachter86,
	Author = {R. D. Shachter},
	Date-Added = {2014-01-13 16:28:56 +0000},
	Date-Modified = {2014-02-12 23:29:59 +0000},
	Journal = {Operations Research},
	Number = {6},
	Pages = {871-882},
	Title = {Evaluating influence diagrams},
	Volume = {34},
	Year = {1986}}

@inproceedings{beer77,
	Author = {Beeri, C. and Fagin, R. and Howard, J.H.},
	Booktitle = {Proceedings of ACM-SIGMOD International Conference on Management of Data},
	Date-Added = {2013-11-29 17:37:52 +0000},
	Date-Modified = {2013-11-29 17:37:52 +0000},
	Key = {beer77},
	Pages = {47--61},
	Title = {A Complete Axiomatization For Functional and Multivalued Dependencies in Database Relations},
	Year = 1977}

@inproceedings{wong96c,
	Author = {Wong, S.K.M.},
	Booktitle = {6th International Conference on Information Processing and Management of Uncertainty in Knowledge-based Systems},
	Date-Added = {2013-11-29 17:37:52 +0000},
	Date-Modified = {2013-11-29 17:37:52 +0000},
	Key = {wong96c},
	Pages = {129-135},
	Title = {A Logical Approach for Modeling Uncertainty},
	Volume = {1},
	Year = {1996}}

@article{shan48,
	Author = {Shannon, C.E.},
	Date-Added = {2013-11-29 17:37:52 +0000},
	Date-Modified = {2013-11-29 17:37:52 +0000},
	Journal = {The Bell System Technical Journal},
	Key = {shan48},
	Pages = {379-423},
	Title = {A Mathematical Theory of Communication},
	Volume = {4},
	Year = {1948}}

@inproceedings{wong98a,
	Author = {Wong, S.K.M. and Butz, C.J.},
	Booktitle = {Seventh International Conference on Information Processing and Management of Uncertainty in Knowledge-based Systems},
	Date-Added = {2013-11-29 17:37:52 +0000},
	Date-Modified = {2013-11-29 17:37:52 +0000},
	Key = {wong98a},
	Title = {A Method for Constructing the Dependency Structure of a Probabilistic Network},
	Year = {1998}}

@inproceedings{wong95,
	Author = {Wong, S.K.M. and Butz, C.J. and Xiang, Y.},
	Booktitle = {Eleventh Conference on Uncertainty in Artificial Intelligence},
	Date-Added = {2013-11-29 17:37:52 +0000},
	Date-Modified = {2013-11-29 17:37:52 +0000},
	Key = {wong95},
	Pages = {556-564},
	Publisher = {Morgan Kaufmann Publishers},
	Title = {A Method for Implementing a Probabilistic Model as a Relational Database},
	Year = {1995}}

@article{beer89,
	Area = {Database Theory},
	Author = {Beeri, Catriel and Bernstein, Philip A. and Goodman, Nathan},
	Date-Added = {2013-11-29 17:37:52 +0000},
	Date-Modified = {2013-11-29 17:37:52 +0000},
	Journal = jacm,
	Month = apr,
	Number = 2,
	Pages = {230--269},
	Title = {A Model for Concurrency in Nested Transactions Systems},
	Volume = 36,
	Year = 1989}

@inproceedings{heck94,
	Author = {Heckerman, D. and Breese, J.},
	Booktitle = {UAI-94},
	Date-Added = {2013-11-29 17:37:52 +0000},
	Date-Modified = {2013-11-29 17:37:52 +0000},
	Key = {heck94},
	Pages = {286--292},
	Title = {A New Look at Causal Independence},
	Year = {1994}}

@inproceedings{seid81,
	Address = {Vancouver, British Columbia, Canada},
	Author = {Seidel, R.},
	Booktitle = {International Joint Conference on Artificial Intelligence},
	Date-Added = {2013-11-29 17:37:52 +0000},
	Date-Modified = {2013-11-29 17:37:52 +0000},
	Key = {seid81},
	Pages = {338--342},
	Title = {A New Method for Solving Constraint Satisfaction Problems},
	Volume = {1},
	Year = {1981}}

@phdthesis{thom83,
	Author = {Thomas, S.J.},
	Date-Added = {2013-11-29 17:37:52 +0000},
	Date-Modified = {2013-11-29 17:37:52 +0000},
	Key = {thom83},
	School = {Vanderbilt University},
	Title = {A Non-First-Normal Form Relational Database Model},
	Year = {1983}}

@article{salo99,
	Author = {Salonen, H. and Nurmi, H.},
	Date-Added = {2013-11-29 17:37:52 +0000},
	Date-Modified = {2013-11-29 17:37:52 +0000},
	Journal = {European Journal of Operational Research},
	Key = {salo99},
	Pages = {692--695},
	Title = {A Note on Rough Sets and Common Knowledge Events},
	Volume = {112},
	Year = {1999}}

@inproceedings{srin94,
	Author = {Srinivas, S.},
	Booktitle = {Tenth Conference on Uncertainty in Artificial Intelligence},
	Date-Added = {2013-11-29 17:37:52 +0000},
	Date-Modified = {2013-11-29 17:37:52 +0000},
	Key = {srin94},
	Pages = {538-545},
	Publisher = {Morgan Kaufmann Publishers},
	Title = {A Probabilistic Approach to Hierarchical Model-Based Diagnosis},
	Year = {1994}}

@article{xian96,
	Author = {Xiang, Y.},
	Date-Added = {2013-11-29 17:37:52 +0000},
	Date-Modified = {2013-11-29 17:37:52 +0000},
	Journal = {Artificial Intelligence},
	Key = {xian96},
	Pages = {295-342},
	Title = {A Probabilistic Framework for Cooperative Multi-Agent Distributed Interpretation and Optimization of Communication},
	Volume = {87},
	Year = {1996}}

@inproceedings{wong98f,
	Author = {Wong, S.K.M. and Noroozi, N.},
	Booktitle = {Sixth International Conference on Rough Sets, Data Mining and Granular Computing},
	Date-Added = {2013-11-29 17:37:52 +0000},
	Date-Modified = {2013-11-29 17:37:52 +0000},
	Key = {wong98f},
	Title = {A Probabilistic Logical Model for Knowledge Representation},
	Year = {1998}}

@inproceedings{wong98e,
	Author = {Wong, S.K.M. and Butz, C.J.},
	Booktitle = {Sixth International Conference on Rough Sets, Data Mining and Granular Computing},
	Date-Added = {2013-11-29 17:37:52 +0000},
	Date-Modified = {2013-11-29 17:37:52 +0000},
	Key = {wong98e},
	Title = {A Probabilistic Network Versus Decision Rules},
	Year = {1998}}

@article{dey96,
	Author = {Dey, D. and Sarkar, S.},
	Date-Added = {2013-11-29 17:37:52 +0000},
	Date-Modified = {2013-11-29 17:37:52 +0000},
	Journal = {ACM Transactions on Database Systems},
	Key = {dey96},
	Month = {September},
	Number = {3},
	Pages = {339-369},
	Title = {A Probabilistic Relational Model and Algebra},
	Volume = {21},
	Year = {1996}}

@article{beer84a,
	Author = {Beeri, C. and Vardi, M.},
	Date-Added = {2013-11-29 17:37:52 +0000},
	Date-Modified = {2013-11-29 17:37:52 +0000},
	Journal = {Journal of the ACM},
	Key = {beer84a},
	Number = {4},
	Pages = {718--741},
	Title = {A Proof Procedure for Data Dependencies},
	Volume = {31},
	Year = {1984}}

@article{codd70,
	Author = {Codd, E.F.},
	Date-Added = {2013-11-29 17:37:52 +0000},
	Date-Modified = {2013-11-29 17:37:52 +0000},
	Journal = {Communication of ACM},
	Key = {codd70},
	Month = {June},
	Number = {6},
	Pages = {377-387},
	Title = {A Relational Model of Data for Large Shared Data Banks},
	Volume = {13},
	Year = {1970}}

@inproceedings{wong98c,
	Author = {Wong, S.K.M.},
	Booktitle = {Seventh International Conference on Information Processing and Management of Uncertainty in Knowledge-based Systems},
	Date-Added = {2013-11-29 17:37:52 +0000},
	Date-Modified = {2013-11-29 17:37:52 +0000},
	Key = {wong98c},
	Title = {A Rule-based Language for Probabilistic Reasoning},
	Year = {1998}}

@article{fagi82,
	Author = {Fagin, R. and Mendelzon, A. and Ullman, J.},
	Date-Added = {2013-11-29 17:37:52 +0000},
	Date-Modified = {2013-11-29 17:37:52 +0000},
	Journal = {ACM Transactions on Database Systems},
	Key = {fagi82},
	Month = {September},
	Number = {3},
	Pages = {343--360},
	Title = {A Simplified Universal Relation Assumption and Its Properties},
	Volume = {7},
	Year = {1982}}

@inproceedings{beer78,
	Author = {Beeri, C. and Bernstein, P. A. and Goodman, N.},
	Booktitle = {Proceedings of ACM International Conference on Very Large Data Bases},
	Date-Added = {2013-11-29 17:37:52 +0000},
	Date-Modified = {2013-11-29 17:37:52 +0000},
	Key = {beer78},
	Month = {September},
	Pages = {113--124},
	Title = {A Sophisticate's Introduction to Database Normalization Theory},
	Year = 1978}

@article{malv92,
	Author = {Malvestuto, F.},
	Date-Added = {2013-11-29 17:37:52 +0000},
	Date-Modified = {2013-11-29 17:37:52 +0000},
	Journal = {Information Sciences},
	Key = {malv92},
	Pages = {21-52},
	Title = {A Unique Formal System for Binary Decompositions of Database Relations, Probability Distributions and Graphs},
	Volume = {59},
	Year = {1992}}

@article{shen89,
	Author = {Shenoy, P.P.},
	Date-Added = {2013-11-29 17:37:52 +0000},
	Date-Modified = {2013-11-29 17:37:52 +0000},
	Journal = {International Journal of Approximate Reasoning},
	Key = {shen89},
	Pages = {383--411},
	Title = {A Valuation-Based Language for Expert Systems},
	Year = {1989}}

@inproceedings{geig91,
	Author = {Geiger, D. and Heckerman, D.},
	Booktitle = {UAI-91},
	Date-Added = {2013-11-29 17:37:52 +0000},
	Date-Modified = {2013-11-29 17:37:52 +0000},
	Key = {geig91},
	Pages = {118-126},
	Title = {Advances in Probabilistic Reasoning},
	Year = {1991}}

@book{golu80,
	Address = {New York},
	Author = {Golumbic, M.C.},
	Date-Added = {2013-11-29 17:37:52 +0000},
	Date-Modified = {2013-11-29 17:37:52 +0000},
	Key = {golu80},
	Publisher = {Academic Press},
	Title = {Algorithmic Graph Theory and Perfect Graphs},
	Year = {1980}}

@article{pitt94,
	Author = {Pittarelli, M.},
	Date-Added = {2013-11-29 17:37:52 +0000},
	Date-Modified = {2013-11-29 17:37:52 +0000},
	Journal = {IEEE Transactions on Knowledge and Data Engineering},
	Key = {pitt94},
	Number = {2},
	Pages = {293--303},
	Title = {An Algebra for Probabilistic Databases},
	Volume = {6},
	Year = {1994}}

@article{lee83,
	Author = {Lee, T.T.},
	Date-Added = {2013-11-29 17:37:52 +0000},
	Date-Modified = {2013-11-29 17:37:52 +0000},
	Journal = {The Bell System Technical Journal},
	Key = {lee83},
	Number = {10},
	Pages = {3159-3204},
	Title = {An Algebraic Theory of Relational Databases},
	Volume = {62},
	Year = {1983}}

@article{bern84,
	Author = {Bernstein, Philip A. and Goodman, Nathan},
	Date-Added = {2013-11-29 17:37:52 +0000},
	Date-Modified = {2013-11-29 17:37:52 +0000},
	Journal = {ACM Transactions on Database Systems},
	Key = {bern84},
	Month = {December},
	Number = {4},
	Pages = {596-615},
	Title = {An Algorithm for Concurrency Control and Recovery in Replicated Distributed Databases},
	Volume = {9},
	Year = {1984}}

@article{sagi80,
	Author = {Sagiv, Y.},
	Date-Added = {2013-11-29 17:37:52 +0000},
	Date-Modified = {2013-11-29 17:37:52 +0000},
	Journal = {Journal of the ACM},
	Key = {sagi80},
	Month = {April},
	Number = {2},
	Pages = {250--262},
	Title = {An Algorithm for Inferring Multivalued Dependencies with an Application to Propositional Logic},
	Volume = {27},
	Year = {1980}}

@inproceedings{yu79,
	Author = {Yu, C. and Ozsoyoglo, M.},
	Booktitle = {IEEE COMPSAC},
	Date-Added = {2013-11-29 17:37:52 +0000},
	Date-Modified = {2013-11-29 17:37:52 +0000},
	Key = {yu79},
	Pages = {306-312},
	Title = {An Algorithm for Tree-query membership of a Distributed Query},
	Year = {1979}}

@article{gali82,
	Author = {Galil, Z.},
	Date-Added = {2013-11-29 17:37:52 +0000},
	Date-Modified = {2013-11-29 17:37:52 +0000},
	Journal = {Journal of the ACM},
	Key = {gali82},
	Month = {January},
	Number = {1},
	Pages = {96--102},
	Title = {An Almost Linear-Time Algorithm for Computing a Dependency Basis in a Relational Database},
	Volume = {29},
	Year = {1982}}

@inproceedings{halp89,
	Author = {Halpern, J.},
	Booktitle = {International Joint Conference on Artificial Intelligence},
	Date-Added = {2013-11-29 17:37:52 +0000},
	Date-Modified = {2013-11-29 17:37:52 +0000},
	Key = {halp89},
	Pages = {1375--1381},
	Publisher = {Morgan Kaufmann Publishers},
	Title = {An Analysis of First-Order Logics of Probability},
	Year = {1989}}

@inproceedings{shen88a,
	Address = {St. Paul, MN},
	Author = {Shenoy, P.P. and Shafer, G.},
	Booktitle = {Fourth Conference on Uncertainty in Artificial Intelligence},
	Date-Added = {2013-11-29 17:37:52 +0000},
	Date-Modified = {2013-11-29 17:37:52 +0000},
	Key = {shen88a},
	Pages = {307-314},
	Title = {An Axiomatic Framework for Bayesian and Belief-Function Propagation},
	Year = {1988}}

@techreport{shaf91,
	Author = {Shafer, G.},
	Date-Added = {2013-11-29 17:37:52 +0000},
	Date-Modified = {2013-11-29 17:37:52 +0000},
	Institution = {University of Kansas},
	Key = {shaf91},
	Number = {232},
	Title = {An Axiomatic Study of Computation in Hypertrees},
	Type = {School of Business Working Papers},
	Year = {1991}}

@article{wong97a,
	Author = {Wong, S.K.M.},
	Date-Added = {2013-11-29 17:37:52 +0000},
	Date-Modified = {2013-11-29 17:37:52 +0000},
	Journal = {Journal of Intelligent Information Systems},
	Key = {wong97a},
	Pages = {181--202},
	Publisher = {Kluwer Academic Publishers},
	Title = {An Extended Relational Data Model for Probabilistic Reasoning},
	Volume = {9},
	Year = {1997}}

@article{lee87a,
	Author = {Lee, T.T.},
	Date-Added = {2013-11-29 17:37:52 +0000},
	Date-Modified = {2013-11-29 17:37:52 +0000},
	Journal = {IEEE Transactions on Software Engineering},
	Key = {lee87a},
	Number = {10},
	Pages = {1049-1061},
	Title = {An Information-Theoretic Analysis of Relational Databases-Part I: Data Dependencies and Information Metric},
	Volume = {SE-13},
	Year = {1987}}

@article{lee87b,
	Author = {Lee, T.T.},
	Date-Added = {2013-11-29 17:37:52 +0000},
	Date-Modified = {2013-11-29 17:37:52 +0000},
	Journal = {IEEE Transactions on Software Engineering},
	Key = {lee87b},
	Number = {10},
	Pages = {1062-1072},
	Title = {An Information-Theoretic Analysis of Relational Databases-Part II: Information Structures of Database Schemas},
	Volume = {SE-13},
	Year = {1987}}

@phdthesis{zani76,
	Author = {Zaniolo, C.},
	Date-Added = {2013-11-29 17:37:52 +0000},
	Date-Modified = {2013-11-29 17:37:52 +0000},
	Key = {zani76},
	School = {UCLA},
	Title = {Analysis and Design of Relational Schemata for Database Systems},
	Year = {1976}}

@article{fung95,
	Author = {Fung, R. and Del Favero, B.},
	Date-Added = {2013-11-29 17:37:52 +0000},
	Date-Modified = {2013-11-29 17:37:52 +0000},
	Journal = {Communication of ACM},
	Key = {fung95},
	Number = {3},
	Pages = {42-48,57},
	Title = {Applying Bayesian Networks to Information Retrieval},
	Volume = {38},
	Year = {1995}}

@article{dagu93,
	Author = {Dagum, P. and Luby, M.},
	Date-Added = {2013-11-29 17:37:52 +0000},
	Date-Modified = {2013-11-29 17:37:52 +0000},
	Journal = {Artificial Intelligence},
	Key = {dagu93},
	Number = {1},
	Pages = {141-153},
	Title = {Approximating Probabilistic Inference in Bayesian Belief Networks is NP-hard},
	Volume = {60},
	Year = {1993}}

@book{russ95,
	Address = {Englewood Cliffs, New Jersey},
	Author = {Russell, Stuart and Norvig, Peter},
	Date-Added = {2013-11-29 17:37:52 +0000},
	Date-Modified = {2013-11-29 17:37:52 +0000},
	Key = {russ95},
	Publisher = {Prentice Hall},
	Title = {Artificial Intelligence: A Modern Approach},
	Year = {1995}}

@article{wong96b,
	Author = {Wong, S.K.M. and Butz, C.J. and Xiang, Y.},
	Date-Added = {2013-11-29 17:37:52 +0000},
	Date-Modified = {2013-11-29 17:37:52 +0000},
	Journal = {Journal of the American Society for Information Science},
	Key = {wong96b},
	Number = {5},
	Pages = {455-470},
	Title = {Automated Database Scheme Design Using Mined Data Dependencies},
	Volume = {49},
	Year = {1998}}

@techreport{shen88b,
	Author = {Shenoy, P.P. and Shafer, G.},
	Date-Added = {2013-11-29 17:37:52 +0000},
	Date-Modified = {2013-11-29 17:37:52 +0000},
	Institution = {University of Kansas},
	Key = {shen88b},
	Number = {207},
	Title = {Axioms for Discrete Optimization Using Local Computation},
	Type = {School of Business Working Papers},
	Year = {1988}}

@article{gall97,
	Author = {Galles, D. and Pearl, J.},
	Date-Added = {2013-11-29 17:37:52 +0000},
	Date-Modified = {2013-11-29 17:37:52 +0000},
	Journal = {Artificial Intelligence},
	Key = {gall97},
	Pages = {9-43},
	Title = {Axioms of Causal Relevance},
	Volume = {97},
	Year = {1997}}

@article{jens90,
	Author = {Jensen, F. V. and Lauritzen, S.L. and Olesen, K.G.},
	Date-Added = {2013-11-29 17:37:52 +0000},
	Date-Modified = {2014-08-13 05:06:10 +0000},
	Journal = {Computational Statistics Quarterly},
	Key = {jens90},
	Pages = {269-282},
	Title = {Bayesian Updating in Causal Probabilistic Networks by Local Computation},
	Volume = {4},
	Year = {1990}}

@inproceedings{savn93,
	Author = {Savnik, I. and Flach, P.},
	Booktitle = {Proceedings of the AAAI-93 Workshop: Knowledge Discovery in Databases},
	Date-Added = {2013-11-29 17:37:52 +0000},
	Date-Modified = {2013-11-29 17:37:52 +0000},
	Key = {savn93},
	Pages = {174--185},
	Title = {Bottom-up Induction of Functional Dependencies From Relations},
	Year = {1993}}

@article{quin93,
	Address = {San Mateo, CA},
	Author = {Quinlan, J.R.},
	Date-Added = {2013-11-29 17:37:52 +0000},
	Date-Modified = {2013-11-29 17:37:52 +0000},
	Journal = {Programs for Machine Learning},
	Key = {quin93},
	Publisher = {Morgan Kaufmann},
	Title = {C4.5},
	Year = {1993}}

@inproceedings{verm88,
	Address = {St. Paul, MN},
	Author = {Verma, T. and Pearl, J.},
	Booktitle = {Fourth Conference on Uncertainty in Artificial Intelligence},
	Date-Added = {2013-11-29 17:37:52 +0000},
	Date-Modified = {2013-11-29 17:37:52 +0000},
	Key = {verm88},
	Pages = {352-359},
	Title = {Causal Networks: Semantics and Expressiveness},
	Year = {1988}}

@inproceedings{spoh88,
	Author = {Spohn, W.},
	Booktitle = {Ordinal Conditional Functions: A Dynamic Theory of Epistemic States},
	Date-Added = {2013-11-29 17:37:52 +0000},
	Date-Modified = {2013-11-29 17:37:52 +0000},
	Editors = {Harper, W.L. and Skyrms, B.},
	Key = {spoh83},
	Pages = {105-134},
	Publisher = {D. Reidel Publishing Company},
	Title = {Causation in Decision, Belief Change, and Statistics},
	Volume = {2},
	Year = {1988}}

@article{hill93,
	Author = {Hill, J.},
	Date-Added = {2013-11-29 17:37:52 +0000},
	Date-Modified = {2013-11-29 17:37:52 +0000},
	Journal = {Statistical Science},
	Key = {hill93},
	Number = {3},
	Pages = {258-261},
	Title = {Comment},
	Volume = {8},
	Year = {1993}}

@article{wong86,
	Address = {London},
	Author = {Wong, S.K.M. and Ziarko, W. and Ye, R.L.},
	Date-Added = {2013-11-29 17:37:52 +0000},
	Date-Modified = {2013-11-29 17:37:52 +0000},
	Journal = {International Journal of Man-Machine Studies},
	Key = {wong86},
	Pages = {53--72},
	Publisher = {Academic Press Inc.},
	Title = {Comparison of Rough-set and Statistical Methods in Inductive Learning},
	Volume = {24},
	Year = {1986}}

@techreport{bern83a,
	Address = {Center for Research in Computing Technology},
	Author = {Bernstein, Philip A. and Goodman, Nathan},
	Date-Added = {2013-11-29 17:37:52 +0000},
	Date-Modified = {2013-11-29 17:37:52 +0000},
	Institution = {Harvard University},
	Key = {bern83a},
	Month = {July},
	Number = {20},
	Title = {Concurrency Control and Recovery for Replicated Distributed Databases},
	Year = {1983}}

@book{bern87,
	Address = {Don Mills, Ontario},
	Author = {Bernstein, Philip A. and Hadzilacos, Vassos and Goodman, Nathan},
	Date-Added = {2013-11-29 17:37:52 +0000},
	Date-Modified = {2013-11-29 17:37:52 +0000},
	Key = {bern87},
	Publisher = {Addison-Wesley},
	Title = {Concurrency Control and Recovery in Database Systems},
	Year = {1987}}

@article{pear89,
	Author = {Pearl, J. and Geiger, D. and Verma, T.},
	Date-Added = {2013-11-29 17:37:52 +0000},
	Date-Modified = {2013-11-29 17:37:52 +0000},
	Journal = {Kybernetica},
	Key = {pear89},
	Number = {2},
	Pages = {33--44},
	Title = {Conditional Independence and Its Representations},
	Volume = {25},
	Year = {1989}}

@inproceedings{stud90a,
	Author = {Studeny, M.},
	Booktitle = {Eleventh Prague Conference on Information Theory, Statistical Decision Foundation and Random Processes},
	Date-Added = {2013-11-29 17:37:52 +0000},
	Date-Modified = {2013-11-29 17:37:52 +0000},
	Key = {stud90a},
	Pages = {377-396},
	Publisher = {Kluwer},
	Title = {Conditional Independence Relations Have No Finite Complete Characterization},
	Year = {1990}}

@techreport{shen88c,
	Author = {Shenoy, P.P. and Shafer, G.},
	Date-Added = {2013-11-29 17:37:52 +0000},
	Date-Modified = {2013-11-29 17:37:52 +0000},
	Institution = {University of Kansas},
	Key = {shen88c},
	Number = {208},
	Title = {Constraint Propagation},
	Type = {School of Business Working Papers},
	Year = {1988}}

@article{wong98d,
	Author = {Wong, S.K.M. and Butz, C.J.},
	Date-Added = {2013-11-29 17:37:52 +0000},
	Date-Modified = {2013-11-29 17:37:52 +0000},
	Journal = {Submitted to IEEE Transactions on Knowledge and Data Engineering},
	Key = {wong98d},
	Title = {Constructing the Dependency Structure of a Multi-Agent Probabilistic Network},
	Year = {1998}}

@techreport{demp88,
	Address = {Cambridge, MA},
	Author = {Dempster, A.P.},
	Date-Added = {2013-11-29 17:37:52 +0000},
	Date-Modified = {2013-11-29 17:37:52 +0000},
	Institution = {Department of Statistics, Harvard University},
	Key = {demp88},
	Number = {S-125},
	Title = {Construction and Local Computational Aspects of Network Belief Functions},
	Year = {1988}}

@inproceedings{wong94d,
	Author = {Wong, S.K.M. and Xiang, Y.},
	Booktitle = {Third International Workshop on Rough Sets and Soft Computing},
	Date-Added = {2013-11-29 17:37:52 +0000},
	Date-Modified = {2013-11-29 17:37:52 +0000},
	Key = {wong94d},
	Pages = {562--569},
	Title = {Construction of a Markov Network from Data for Probabilistic Inference},
	Year = {1994}}

@inproceedings{bout96,
	Author = {Boutilier, C. and Friedman, N. and Goldszmidt, M. and Koller, D.},
	Booktitle = {UAI-96},
	Date-Added = {2013-11-29 17:37:52 +0000},
	Date-Modified = {2013-11-29 17:37:52 +0000},
	Key = {bout96},
	Pages = {115-123},
	Title = {Context-Specific Independence in Bayesian Networks},
	Year = {1996}}

@inproceedings{wong99,
	Author = {Wong, S.K.M. and Butz, C.J.},
	Booktitle = {submitted to Fifteenth Conference on Uncertainty in Artificial Intelligence},
	Date-Added = {2013-11-29 17:37:52 +0000},
	Date-Modified = {2013-11-29 17:37:52 +0000},
	Key = {wong99},
	Title = {Contextual Weak Independence in Bayesian Networks},
	Year = {1999}}

@book{thom96,
	Address = {London},
	Author = {Thomasian, Alexander},
	Date-Added = {2013-11-29 17:37:52 +0000},
	Date-Modified = {2013-11-29 17:37:52 +0000},
	Key = {thom96},
	Publisher = {Kluwer},
	Title = {Database Concurrency Control: Methods, Performance, and Analysis},
	Year = {1996}}

@article{hagi79,
	Author = {Hagihara, K. and Ito, M. and Taniguchi, K. and Kasami, T.},
	Date-Added = {2013-11-29 17:37:52 +0000},
	Date-Modified = {2013-11-29 17:37:52 +0000},
	Journal = {SIAM Journal on Computing},
	Key = {hagi79},
	Number = {2},
	Pages = {247--264},
	Title = {Decision Problems for Multivalued Dependencies in Relational Dependencies},
	Volume = {8},
	Year = {1979}}

@article{laur84,
	Author = {Lauritzen, S.L. and Speed, T.P. and Olesen, K.G.},
	Date-Added = {2013-11-29 17:37:52 +0000},
	Date-Modified = {2013-11-29 17:37:52 +0000},
	Journal = {Journal of Australian Mathematical Society},
	Key = {laur84},
	Pages = {12-29},
	Series = {A},
	Title = {Decomposable Graphs and Hypergraphs},
	Volume = {36},
	Year = {1984}}

@article{dech90,
	Author = {Dechter, R.},
	Date-Added = {2013-11-29 17:37:52 +0000},
	Date-Modified = {2013-11-29 17:37:52 +0000},
	Journal = {Journal of Computer and System Sciences},
	Key = {dech90},
	Pages = {2-24},
	Title = {Decomposing a Relation into a Tree of Binary Relations},
	Volume = {41},
	Year = {1990}}

@inproceedings{malv86,
	Author = {Malvestuto, F.},
	Booktitle = {Conference on Computational Statistics},
	Date-Added = {2013-11-29 17:37:52 +0000},
	Date-Modified = {2013-11-29 17:37:52 +0000},
	Key = {malv86},
	Pages = {66-71},
	Title = {Decomposing Complex Contingency Tables to Reduce Storage Requirements},
	Year = {1986}}

@inproceedings{arms74,
	Address = {Amsterdam},
	Author = {Armstrong, W.W.},
	Booktitle = {Proceedings of IFIP 74},
	Date-Added = {2013-11-29 17:37:52 +0000},
	Date-Modified = {2013-11-29 17:37:52 +0000},
	Key = {arms74},
	Pages = {580--583},
	Publisher = {North Holland},
	Title = {Dependency Structures of Database Relationships},
	Year = 1974}

@book{bell92,
	Address = {Don Mills, Ontario},
	Author = {Bell, David and Grimson, Jane},
	Date-Added = {2013-11-29 17:37:52 +0000},
	Date-Modified = {2013-11-29 17:37:52 +0000},
	Key = {bell92},
	Publisher = {Addison-Wesley},
	Series = {International Computer Science},
	Title = {Distributed Database Systems},
	Year = {1992}}

@book{ceri84,
	Author = {Ceri, Stefano and Pelagatti, Guiseppe},
	Date-Added = {2013-11-29 17:37:52 +0000},
	Key = {ceri84},
	Publisher = {McGraw-Hill},
	Title = {Distributed Databases: Principles and Systems},
	Year = {1984}}

@article{kall96,
	Author = {Kalles, D. and Morris, T.},
	Date-Added = {2013-11-29 17:37:52 +0000},
	Date-Modified = {2013-11-29 17:37:52 +0000},
	Journal = {Machine Learning.},
	Key = {kall96},
	Pages = {231-242},
	Title = {Efficient Incremental Induction of Decision Trees},
	Volume = {24},
	Year = {1996}}

@article{aho79b,
	Author = {Aho, A. V. and Sagiv, Y. and Ullman, J. D.},
	Date-Added = {2013-11-29 17:37:52 +0000},
	Date-Modified = {2013-11-29 17:37:52 +0000},
	Journal = {ACM Transactions on Database Systems},
	Key = {aho79b},
	Month = {December},
	Number = {4},
	Pages = {435-454},
	Title = {Efficient Optimization of a Class of Relational Expressions},
	Volume = {4},
	Year = {1979}}

@book{cove91,
	Address = {Toronto},
	Author = {Cover, T. and Thomas, J.},
	Date-Added = {2013-11-29 17:37:52 +0000},
	Date-Modified = {2013-11-29 17:37:52 +0000},
	Key = {cove91},
	Publisher = {John Wiley \& Sons},
	Title = {Elements of Information Theory},
	Year = {1991}}

@inproceedings{druz95,
	Author = {Druzdzel, M. and van der Gaag, L.},
	Booktitle = {Eleventh Conference on Uncertainty in Artificial Intelligence},
	Date-Added = {2013-11-29 17:37:52 +0000},
	Date-Modified = {2013-11-29 17:37:52 +0000},
	Key = {druz95},
	Pages = {141--148},
	Publisher = {Morgan Kaufmann Publishers},
	Title = {Elicitation of Probabilities for Belief Networks: Combining Qualitative and Quantitative Information},
	Year = {1995}}

@inproceedings{verm90,
	Author = {Verma, T. and Pearl, J.},
	Booktitle = {Sixth Conference on Uncertainty in Artificial Intelligence},
	Date-Added = {2013-11-29 17:37:52 +0000},
	Date-Modified = {2013-11-29 17:37:52 +0000},
	Key = {verm90},
	Pages = {220--227},
	Publisher = {GE Corporate Research and Development},
	Title = {Equivalence and Synthesis of Causal Models},
	Year = {1990}}

@article{beer81,
	Author = {Beeri, C. and Mendelzon, A. and Sagiv, Y. and Ullman, J. D.},
	Date-Added = {2013-11-29 17:37:52 +0000},
	Date-Modified = {2013-11-29 17:37:52 +0000},
	Journal = {SIAM Journal on Computing},
	Key = {beer81},
	Number = {2},
	Pages = {352--370},
	Title = {Equivalence of Relational Database Schemes},
	Volume = {10},
	Year = {1981}}

@article{aho79c,
	Author = {Aho, A. V. and Sagiv, Y. and Ullman, J. D.},
	Date-Added = {2013-11-29 17:37:52 +0000},
	Date-Modified = {2013-11-29 17:37:52 +0000},
	Journal = {SIAM Journal on Computing},
	Key = {aho79c},
	Number = {2},
	Pages = {218--246},
	Title = {Equivalence of Relational Expressions},
	Volume = {8},
	Year = {1979}}

@inproceedings{chu97,
	Author = {Chu, T. and Xiang, Y.},
	Booktitle = {Thirteenth Conference on Uncertainty in Artificial Intelligence},
	Date-Added = {2013-11-29 17:37:52 +0000},
	Date-Modified = {2013-11-29 17:37:52 +0000},
	Key = {chu97},
	Pages = {90-98},
	Publisher = {Morgan Kaufmann Publishers},
	Title = {Exploring Parallelism in Learning Belief Networks},
	Year = 1997}

@article{beer84b,
	Author = {Beeri, C. and Vardi, M.},
	Date-Added = {2013-11-29 17:37:52 +0000},
	Date-Modified = {2013-11-29 17:37:52 +0000},
	Journal = {SIAM Journal on Computing},
	Key = {beer84b},
	Number = {10},
	Pages = {76--98},
	Title = {Formal Systems for Tuple and Equality Generating Dependencies},
	Volume = {13},
	Year = {1984}}

@book{abit95,
	Author = {Abiteboul, S. and Hull, R. and Vianu, V.},
	Date-Added = {2013-11-29 17:37:52 +0000},
	Date-Modified = {2013-11-29 17:37:52 +0000},
	Key = {abit95},
	Publisher = {Addison-Wesley},
	Title = {Foundations of Databases},
	Year = {1995}}

@article{yao96,
	Author = {Yao, Y.Y. and Lin, T.Y.},
	Date-Added = {2013-11-29 17:37:52 +0000},
	Date-Modified = {2013-11-29 17:37:52 +0000},
	Journal = {Intelligent and Automation and Soft Computing, an International Journal},
	Key = {yao96},
	Number = {2},
	Pages = {103--120},
	Title = {Generalization of Rough Sets using Modal Logic},
	Volume = {2},
	Year = {1996}}

@book{berg76,
	Address = {Amsterdam},
	Author = {Berge, C.},
	Date-Added = {2013-11-29 17:37:52 +0000},
	Date-Modified = {2013-11-29 17:37:52 +0000},
	Key = {berg76},
	Publisher = {North-Holland},
	Title = {Graphs and Hypergraphs},
	Year = {1976}}

@article{lien81,
	Author = {Lien, Y.E.},
	Date-Added = {2013-11-29 17:37:52 +0000},
	Date-Modified = {2013-11-29 17:37:52 +0000},
	Journal = {ACM Transactions on Database Systems},
	Key = {lien81},
	Number = {1},
	Pages = {48--69},
	Title = {Hierarchical Schemata for Relational Databases},
	Volume = {6},
	Year = 1981}

@article{dawi93,
	Author = {Dawid, A.P. and Lauritzen, S.L.},
	Date-Added = {2013-11-29 17:37:52 +0000},
	Date-Modified = {2013-11-29 17:37:52 +0000},
	Journal = {Ann. Stat.},
	Key = {dawi93},
	Pages = {1272--1317},
	Title = {Hyper Markov Laws in the Statistical Analysis of Decomposable Graphical Models},
	Volume = {21},
	Year = {1993}}

@inproceedings{utgo88,
	Author = {Utgoff, P.},
	Booktitle = {Fifth International Conference on Machine Learning},
	Date-Added = {2013-11-29 17:37:52 +0000},
	Date-Modified = {2013-11-29 17:37:52 +0000},
	Key = {utgo88},
	Pages = {107-120},
	Publisher = {Morgan Kaufmann Publishers},
	Title = {ID5: An Incremental ID3},
	Year = {1988}}

@inproceedings{damb93,
	Author = {D'Ambrosio, Bruce},
	Booktitle = {Ninth Conference on Uncertainty in Artificial Intelligence},
	Date-Added = {2013-11-29 17:37:52 +0000},
	Date-Modified = {2013-11-29 17:37:52 +0000},
	Key = {damb93},
	Pages = {301-308},
	Publisher = {Morgan Kaufmann Publishers},
	Title = {Incremental Probabilistic Inference},
	Year = {1993}}

@article{riss77,
	Author = {Rissanen, J.},
	Date-Added = {2013-11-29 17:37:52 +0000},
	Date-Modified = {2013-11-29 17:37:52 +0000},
	Journal = {ACM Transactions on Database Systems},
	Key = {riss77},
	Number = {4},
	Pages = {317--325},
	Title = {Independent Components of Relations},
	Volume = {2},
	Year = 1977}

@inproceedings{zhan95,
	Author = {Zhang, N.},
	Booktitle = {Eleventh Conference on Uncertainty in Artificial Intelligence},
	Date-Added = {2013-11-29 17:37:52 +0000},
	Date-Modified = {2013-11-29 17:37:52 +0000},
	Key = {zhan95},
	Pages = {582-589},
	Publisher = {Morgan Kaufmann Publishers},
	Title = {Inference with Causal Independence in the CPSC Network},
	Year = {1995}}

@article{kull51,
	Author = {Kullback, S. and Leibler, R.},
	Date-Added = {2013-11-29 17:37:52 +0000},
	Date-Modified = {2013-11-29 17:37:52 +0000},
	Journal = {Annals of Mathematical Statistics},
	Key = {kull51},
	Pages = {79-86},
	Title = {Information and Sufficiency},
	Volume = {22},
	Year = {1951}}

@book{prep73,
	Author = {Preparata, F. and Yeh, R.},
	Date-Added = {2013-11-29 17:37:52 +0000},
	Date-Modified = {2013-11-29 17:37:52 +0000},
	Key = {prep73},
	Publisher = {Addison-Wesley},
	Title = {Introduction to Discrete Structures for Computer Science and Engineering},
	Year = {1973}}

@book{salt83,
	Author = {Salton, G. and McGill, M.},
	Date-Added = {2013-11-29 17:37:52 +0000},
	Date-Modified = {2013-11-29 17:37:52 +0000},
	Key = {salt83},
	Publisher = {McGraw Hill},
	Title = {Introduction to Modern Information Retrieval},
	Year = {1983}}

@techreport{jens88,
	Address = {Aalborg, Denmark},
	Author = {Jensen, F. V.},
	Date-Added = {2013-11-29 17:37:52 +0000},
	Date-Modified = {2014-08-13 05:06:30 +0000},
	Institution = {JUDEX},
	Key = {jens88},
	Title = {Junction Tree and Decomposable Hypergraphs},
	Year = {1988}}

@article{stud90b,
	Author = {Studeny, M.},
	Date-Added = {2013-11-29 17:37:52 +0000},
	Date-Modified = {2013-11-29 17:37:52 +0000},
	Number = 1,
	Pages = {72--79},
	Title = {Kybernetika},
	Volume = 25,
	Year = 1990}

@inproceedings{hu97,
	Author = {Hu, J. and Xiang, Y.},
	Booktitle = {Thirteenth Conference on Uncertainty in Artificial Intelligence},
	Date-Added = {2013-11-29 17:37:52 +0000},
	Date-Modified = {2013-11-29 17:37:52 +0000},
	Key = {hu97},
	Pages = {258--265},
	Publisher = {Morgan Kaufmann Publishers},
	Title = {Learning Belief Networks in Domains with Recursively Embedded Pseudo Independent Submodels},
	Year = {1997}}

@inbook{grzy92,
	Address = {Norwell, MA},
	Author = {Grzymala-Busse, J.W.},
	Chapter = {Intelligent Decision Support Handbook of Applications and Advances of the Rough Sets Theory},
	Date-Added = {2013-11-29 17:37:52 +0000},
	Date-Modified = {2013-11-29 17:37:52 +0000},
	Editors = {Slowinski, R.},
	Key = {grzy92},
	Publisher = {Kluwer Academic Press},
	Title = {LERS - A system for learning from examples based on rough sets},
	Year = {1992}}

@article{laur88,
	Author = {S. L. Lauritzen and D. J. Spiegelhalter},
	Date-Added = {2013-11-29 17:37:52 +0000},
	Date-Modified = {2015-05-28 16:52:04 +0000},
	Journal = {Journal of the Royal Statistical Society},
	Pages = {157-244},
	Series = {B},
	Title = {Local computation with probabilities on graphical structures and their application to expert systems},
	Volume = {50},
	Year = {1988}}

@book{mich83,
	Address = {Palo Alto},
	Date-Added = {2013-11-29 17:37:52 +0000},
	Date-Modified = {2013-11-29 17:37:52 +0000},
	Editor = {Michalski, R.S. and Carbonall, J.G. and Mitchell, T.M.},
	Key = {mich83},
	Publisher = {Tioga Press},
	Title = {Machine Learning: the Artificial Intelligence Approach},
	Year = {1983}}

@inbook{quin83,
	Address = {Palo Alto},
	Author = {Quinlan, J.R.},
	Chapter = {Learning Efficient Classification Procedures and Their Application to Chess End Games},
	Date-Added = {2013-11-29 17:37:52 +0000},
	Date-Modified = {2013-11-29 17:37:52 +0000},
	Editors = {Michalski, R.S. and Carbonall, J.G. and Mitchell, T.M.},
	Key = {quin83},
	Publisher = {Tioga Press},
	Title = {Machine Learning: the Artificial Intelligence Approach},
	Year = {1983}}

@article{maie80,
	Area = {Database Theory},
	Author = {D. Maier},
	Date-Added = {2013-11-29 17:37:52 +0000},
	Date-Modified = {2013-11-29 17:37:52 +0000},
	Journal = jacm,
	Month = oct,
	Number = 4,
	Pages = {664--674},
	Title = {Minimum Covers in Relational Database Model},
	Volume = 27,
	Year = 1980}

@article{xian93,
	Author = {Xiang, Y. and Poole, D. and Beddoes, M.P.},
	Date-Added = {2013-11-29 17:37:52 +0000},
	Date-Modified = {2013-11-29 17:37:52 +0000},
	Journal = {Computational Intelligence},
	Key = {xian93},
	Pages = {171--220},
	Title = {Multiply Sectioned Bayesian Networks and Junction Forests for Large Knowledge Based Systems},
	Volume = {9},
	Year = {1993}}

@article{fagi77,
	Author = {Fagin, R.},
	Date-Added = {2013-11-29 17:37:52 +0000},
	Date-Modified = {2013-11-29 17:37:52 +0000},
	Journal = {ACM Transactions on Database Systems},
	Key = {fagi77},
	Month = {September},
	Number = {3},
	Pages = {262-278},
	Title = {Multivalued Dependencies and a New Normal Form for Relational Databases},
	Volume = {2},
	Year = {1977}}

@article{bern83b,
	Author = {Bernstein, Philip A. and Goodman, Nathan},
	Date-Added = {2013-11-29 17:37:52 +0000},
	Date-Modified = {2013-11-29 17:37:52 +0000},
	Journal = {ACM Transactions on Database Systems},
	Key = {bern83a},
	Month = {December},
	Number = {4},
	Pages = {465-483},
	Title = {Multiversion Concurrency Control - Theory and Algorithms},
	Volume = {8},
	Year = {1983}}

@techreport{vang84,
	Address = {P.O. BOX 1679, Station B, Nashville, Tn.},
	Author = {Van Gucht, D. and Fischer, P.},
	Date-Added = {2013-11-29 17:37:52 +0000},
	Date-Modified = {2013-11-29 17:37:52 +0000},
	Institution = {Vanderbilt University},
	Key = {vang84},
	Month = {October},
	Number = {CS-84-19},
	Title = {MVDs, Weak MVDs and Nested Relational Structures},
	Year = {1984}}

@inproceedings{kjae97,
	Author = {Kjaerulff, U.},
	Booktitle = {Thirteenth Conference on Uncertainty in Artificial Intelligence},
	Date-Added = {2013-11-29 17:37:52 +0000},
	Date-Modified = {2013-11-29 17:37:52 +0000},
	Key = {kjae97},
	Pages = {302--313},
	Publisher = {Morgan Kaufmann Publishers},
	Title = {Nested Junction Trees},
	Year = {1997}}

@book{bert72,
	Author = {Bertele, U. and Brioschi, F.},
	Date-Added = {2013-11-29 17:37:52 +0000},
	Date-Modified = {2013-11-29 17:37:52 +0000},
	Key = {bert72},
	Publisher = {Academic Press},
	Title = {Nonserial Dynamic Programming},
	Year = {1990}}

@article{delo78,
	Author = {Delobel, C.},
	Date-Added = {2013-11-29 17:37:52 +0000},
	Date-Modified = {2013-11-29 17:37:52 +0000},
	Journal = {ACM Transactions on Database Systems},
	Key = {delo78},
	Month = {September},
	Number = {3},
	Pages = {201-222},
	Title = {Normalization and Hierarchical Dependencies in the Relational Data Model},
	Volume = {3},
	Year = {1978}}

@inproceedings{koll97,
	Author = {Koller, D. and Pfeffer, A.},
	Booktitle = {UAI-97},
	Date-Added = {2013-11-29 17:37:52 +0000},
	Date-Modified = {2013-11-29 17:37:52 +0000},
	Key = {koll97},
	Pages = {302--313},
	Title = {Object-Oriented Bayesian Networks},
	Year = {1997}}

@inproceedings{wong94c,
	Author = {Wong, S.K.M. and Wang, Z.W.},
	Booktitle = {Tenth Conference on Uncertainty in Artificial Intelligence},
	Date-Added = {2013-11-29 17:37:52 +0000},
	Date-Modified = {2013-11-29 17:37:52 +0000},
	Key = {wong94c},
	Pages = {591-597},
	Publisher = {Morgan Kaufmann Publishers},
	Title = {On Axiomatization of Probabilistic Conditional Independence},
	Year = {1994}}

@article{mend79,
	Author = {Mendelzon, A.},
	Date-Added = {2013-11-29 17:37:52 +0000},
	Date-Modified = {2013-11-29 17:37:52 +0000},
	Journal = {Journal of the ACM},
	Key = {mend79},
	Number = {1},
	Pages = {37--44},
	Title = {On Axiomatizing Multivalued Dependencies in Relational Databases},
	Volume = {26},
	Year = {1979}}

@article{beer83,
	Author = {Beeri, C. and Fagin, R. and Maier, D. and Yannakakis, M.},
	Date-Added = {2013-11-29 17:37:52 +0000},
	Date-Modified = {2014-02-13 16:28:24 +0000},
	Journal = {Journal of the Association for Computing Machinery},
	Number = {3},
	Pages = {479-513},
	Title = {On the Desirability of Acyclic Database Schemes},
	Volume = {30},
	Year = {1983}}

@article{lien82,
	Area = {Database Theory},
	Author = {Y.E. Lien},
	Date-Added = {2013-11-29 17:37:52 +0000},
	Date-Modified = {2013-11-29 17:37:52 +0000},
	Journal = jacm,
	Month = oct,
	Number = 2,
	Pages = {336--362},
	Title = {On the Equivalence of Database Models},
	Volume = 29,
	Year = 1982}

@inproceedings{geig88,
	Address = {St. Paul, MN},
	Author = {Geiger, D. and Pearl, J.},
	Booktitle = {Fourth Conference on Uncertainty in Artificial Intelligence},
	Date-Added = {2013-11-29 17:37:52 +0000},
	Date-Modified = {2013-11-29 17:37:52 +0000},
	Key = {geig88},
	Pages = {136-147},
	Title = {On the Logic of Causal Models},
	Year = {1988}}

@article{beer80,
	Author = {Beeri, C.},
	Date-Added = {2013-11-29 17:37:52 +0000},
	Date-Modified = {2013-11-29 17:37:52 +0000},
	Journal = {ACM Transactions on Database Systems},
	Key = {beer80},
	Month = {September},
	Number = {3},
	Pages = {241--259},
	Title = {On the Membership Problem for Functional and Multivalued Dependencies in Relational Databases},
	Volume = {5},
	Year = {1980}}

@techreport{grah79,
	Address = {Toronto, Canada},
	Author = {Graham, M.},
	Date-Added = {2013-11-29 17:37:52 +0000},
	Date-Modified = {2013-11-29 17:37:52 +0000},
	Institution = {University of Toronto},
	Key = {grah79},
	Title = {On the Universal Relation},
	Year = {1979}}

@inproceedings{xian95,
	Author = {Xiang, Y.},
	Booktitle = {Eleventh Conference on Uncertainty in Artificial Intelligence},
	Date-Added = {2013-11-29 17:37:52 +0000},
	Date-Modified = {2013-11-29 17:37:52 +0000},
	Key = {xian95},
	Pages = {565-573},
	Publisher = {Morgan Kaufmann Publishers},
	Title = {Optimization of Inter-Subnet Belief Updating in Multiply Sectioned Bayesian Networks},
	Year = {1995}}

@inproceedings{hunt88,
	Address = {St. Paul, MN},
	Author = {Hunter, D.},
	Booktitle = {Fourth Conference on Uncertainty in Artificial Intelligence},
	Date-Added = {2013-11-29 17:37:52 +0000},
	Date-Modified = {2013-11-29 17:37:52 +0000},
	Key = {hunt88},
	Pages = {170-176},
	Title = {Parallel Belief Revision},
	Year = {1988}}

@article{bern81b,
	Author = {Bernstein, Philip A. and Goodman, Nathan},
	Date-Added = {2013-11-29 17:37:52 +0000},
	Date-Modified = {2013-11-29 17:37:52 +0000},
	Journal = {SIAM Journal on Computing},
	Key = {bern81b},
	Month = {December},
	Number = {4},
	Pages = {751-771},
	Title = {Power of Natural SemiJoins},
	Volume = {10},
	Year = {1981}}

@inproceedings{fuhr95,
	Author = {Fuhr, N.},
	Booktitle = {Proceedings of the 18th Annual International ACM-SIGIR conference},
	Date-Added = {2013-11-29 17:37:52 +0000},
	Date-Modified = {2013-11-29 17:37:52 +0000},
	Key = {fuhr95},
	Pages = {282--290},
	Title = {Probabilistic Datalog - a Logic for Powerful Retrieval Methods},
	Year = 1995}

@article{pool93,
	Author = {Poole, D.},
	Date-Added = {2013-11-29 17:37:52 +0000},
	Date-Modified = {2013-11-29 17:37:52 +0000},
	Journal = {Artificial Intelligence},
	Key = {pool93},
	Number = {1},
	Pages = {81--129},
	Title = {Probabilistic Horn Abduction and Bayesian Networks},
	Volume = {64},
	Year = {1993}}

@inproceedings{wong98b,
	Author = {Wong, S.K.M. and Butz, C.J.},
	Booktitle = {Third International Conference on Multi-Agent Systems},
	Date-Added = {2013-11-29 17:37:52 +0000},
	Date-Modified = {2013-11-29 17:37:52 +0000},
	Key = {wong98b},
	Pages = {341--348},
	Publisher = {IEEE Press},
	Title = {Probabilistic Reasoning in a Distributed Multi-agent Environment},
	Year = {1998}}

@book{neap90,
	Address = {New York},
	Author = {Neapolitan, R.E.},
	Date-Added = {2013-11-29 17:37:52 +0000},
	Date-Modified = {2013-11-29 17:37:52 +0000},
	Key = {neap90},
	Publisher = {Wiley},
	Title = {Probabilistic Reasoning in Expert Systems},
	Year = {1990}}

@mastersthesis{butz96,
	Address = {Regina, Canada},
	Author = {Butz, C.J.},
	Date-Added = {2013-11-29 17:37:52 +0000},
	Date-Modified = {2013-11-29 17:37:52 +0000},
	Key = {butz96},
	School = {University of Regina},
	Title = {Probabilistic Reasoning Using an Extended Relational Data Model},
	Year = {1996}}

@article{shaf90,
	Author = {Shafer, G. and Shenoy, P.P.},
	Date-Added = {2013-11-29 17:37:52 +0000},
	Date-Modified = {2013-11-29 17:37:52 +0000},
	Journal = {Annals of Mathematics and Artificial Intelligence},
	Key = {shaf90},
	Pages = {327-352},
	Publisher = {J.C. Baltzer A.G. Scientific Publishing Company},
	Title = {Probability Propagation},
	Volume = {2},
	Year = {1990}}

@article{shaf87,
	Author = {Shafer, G. and Shenoy, P.P. and Mellouli, K.},
	Date-Added = {2013-11-29 17:37:52 +0000},
	Date-Modified = {2013-11-29 17:37:52 +0000},
	Journal = {International Journal of Approximate Reasoning},
	Key = {shaf87},
	Pages = {349--400},
	Title = {Propagating Belief Functions in Qualitative Markov trees},
	Volume = {1},
	Year = {1987}}

@inproceedings{bouc94,
	Author = {Bouckaert, R.},
	Booktitle = {Tenth Conference on Uncertainty in Artificial Intelligence},
	Date-Added = {2013-11-29 17:37:52 +0000},
	Date-Modified = {2013-11-29 17:37:52 +0000},
	Key = {bouc94},
	Pages = {102--109},
	Publisher = {Morgan Kaufmann Publishers},
	Title = {Properties of Bayesian Belief Network Learning Algorithms},
	Year = 1994}

@article{hevn79,
	Author = {Hevner, A.R. and Yao, S.B.},
	Date-Added = {2013-11-29 17:37:52 +0000},
	Date-Modified = {2013-11-29 17:37:52 +0000},
	Journal = {IEEE Transactions on Software Engineering},
	Key = {hevn79},
	Number = {3},
	Pages = {177--187},
	Title = {Query Processing in Distributed Database Systems},
	Volume = {SE-5},
	Year = {1979}}

@book{bond88,
	Address = {San Manteo, California},
	Date-Added = {2013-11-29 17:37:52 +0000},
	Date-Modified = {2013-11-29 17:37:52 +0000},
	Editor = {Bond, Alan and Gasser, Les},
	Key = {bond88},
	Publisher = {Morgan Kauffman},
	Title = {Readings in Distributed Artificial Intelligence},
	Year = {1988}}

@book{fagi96,
	Address = {Cambridge, Massachusetts},
	Author = {Fagin, R. and Halpern, J. and Moses, Y. and Vardi M.},
	Date-Added = {2013-11-29 17:37:52 +0000},
	Date-Modified = {2013-11-29 17:37:52 +0000},
	Key = {fagi96},
	Publisher = {MIT Press},
	Title = {Reasoning About Knowledge},
	Year = {1996}}

@article{fagi94,
	Author = {Fagin, R. and Halpern, J.},
	Date-Added = {2013-11-29 17:37:52 +0000},
	Date-Modified = {2013-11-29 17:37:52 +0000},
	Journal = jacm,
	Key = {fagi94},
	Number = {2},
	Pages = {340--367},
	Title = {Reasoning about Knowledge and Probability},
	Volume = {41},
	Year = {1994}}

@article{hamm80,
	Author = {Hammer, M.M. and Shipman, D.W.},
	Date-Added = {2013-11-29 17:37:52 +0000},
	Date-Modified = {2013-11-29 17:37:52 +0000},
	Journal = {ACM Transactions on Database Systems},
	Key = {hamm80},
	Month = {December},
	Number = {4},
	Pages = {431-466},
	Title = {Reliability Mechanisms for SDD-1: A System for Distributed Databases},
	Volume = {5},
	Year = {1980}}

@inproceedings{jaes82,
	Author = {Jaeschke, G. and Schek, H.J.},
	Booktitle = {Proceedings of First ACM SIGACT-SIGMOD Symposium on the Principles of Database Systems},
	Date-Added = {2013-11-29 17:37:52 +0000},
	Date-Modified = {2013-11-29 17:37:52 +0000},
	Key = {jaes82},
	Pages = {124--138},
	Title = {Remarks on the Algebra on Non First Normal Form Relations},
	Year = 1982}

@inproceedings{wong94b,
	Author = {Wong, S.K.M. and Xiang, Y. and Nie, Xiaopin},
	Booktitle = {Fifth International Conference on Information Processing and Management of Uncertainty in Knowledge-based Systems},
	Date-Added = {2013-11-29 17:37:52 +0000},
	Date-Modified = {2013-11-29 17:37:52 +0000},
	Key = {wong94b},
	Pages = {159-165},
	Title = {Representation of Bayesian Networks as Relational Databases},
	Year = {1994}}

@book{bacc90,
	Address = {Cambridge, Massachusetts},
	Author = {Bacchus, Fahiem},
	Date-Added = {2013-11-29 17:37:52 +0000},
	Date-Modified = {2013-11-29 17:37:52 +0000},
	Key = {bacc90},
	Publisher = {MIT Press},
	Title = {Representing and Reasoning with Probabilistic Knowledge},
	Year = {1990}}

@article{pawl84,
	Address = {London},
	Author = {Pawlak, Z.},
	Date-Added = {2013-11-29 17:37:52 +0000},
	Date-Modified = {2013-11-29 17:37:52 +0000},
	Journal = {International Journal of Man-Machine Studies},
	Key = {pawl84},
	Pages = {469--483},
	Publisher = {Academic Press Inc.},
	Title = {Rough Classification},
	Volume = {20},
	Year = {1984}}

@article{pawl82,
	Address = {London},
	Author = {Pawlak, Z.},
	Date-Added = {2013-11-29 17:37:52 +0000},
	Date-Modified = {2013-11-29 17:37:52 +0000},
	Journal = {International Journal of Man-Machine Studies},
	Key = {pawl82},
	Pages = {341--356},
	Publisher = {Academic Press Inc.},
	Title = {Rough Sets},
	Volume = {11},
	Year = {1982}}

@inbook{yao97,
	Address = {Boston},
	Author = {Yao, Y.Y. and Wong, S.K.M. and Lin, T.Y.},
	Chapter = {A Review of Rough Set Models},
	Date-Added = {2013-11-29 17:37:52 +0000},
	Date-Modified = {2013-11-29 17:37:52 +0000},
	Editors = {Lin, T.Y. and Cercone, N.},
	Key = {yao97},
	Pages = {47--75},
	Publisher = {Kluwer},
	Title = {Rough Sets and Data Mining: Analysis for Imprecise Data},
	Year = {1997}}

@book{pawl91,
	Address = {Boston},
	Author = {Pawlak, Z.},
	Date-Added = {2013-11-29 17:37:52 +0000},
	Date-Modified = {2013-11-29 17:37:52 +0000},
	Key = {pawl91},
	Publisher = {Kluwer},
	Title = {Rough Sets: Theoretical Aspects of Reasoning About Data},
	Year = {1991}}

@inproceedings{wong96d,
	Author = {Wong, S.K.M. and Yao, Y.Y.},
	Booktitle = {6th International Conference on Information Processing and Management of Uncertainty in Knowledge-based Systems},
	Date-Added = {2013-11-29 17:37:52 +0000},
	Date-Modified = {2013-11-29 17:37:52 +0000},
	Key = {wong96d},
	Pages = {877-883},
	Title = {Roughness Theory},
	Volume = {2},
	Year = {1996}}

@inproceedings{malv94,
	Address = {Charlottesville},
	Author = {Malvestuto, F.},
	Booktitle = {Seventh Conference on Scientific and Statistical Database Management},
	Date-Added = {2013-11-29 17:37:52 +0000},
	Date-Modified = {2013-11-29 17:37:52 +0000},
	Key = {malv94},
	Pages = {64-73},
	Title = {Statistical Versus Relational Join Dependencies},
	Year = {1994}}

@article{sagi82,
	Author = {Sagiv, Y. and Walecka, F.},
	Date-Added = {2013-11-29 17:37:52 +0000},
	Date-Modified = {2013-11-29 17:37:52 +0000},
	Journal = {Journal of the ACM},
	Key = {sagi82},
	Number = {1},
	Pages = {103--117},
	Title = {Subset Dependencies and a Complete Result for a Subclass of Embedded Multivalued Dependencies},
	Volume = {20},
	Year = {1982}}

@article{sadr82,
	Author = {Sadri, F. and Ullman, J.},
	Date-Added = {2013-11-29 17:37:52 +0000},
	Date-Modified = {2013-11-29 17:37:52 +0000},
	Journal = {Journal of the ACM},
	Month = {April},
	Number = {2},
	Pages = {363--372},
	Title = {Template Dependencies: A Large Class of Dependencies in Relational Databases and Its Complete Axiomatization},
	Volume = {29},
	Year = {1982}}

@inproceedings{wong96a,
	Author = {Wong, S.K.M.},
	Booktitle = {Twelfth Conference on Uncertainty in Artificial Intelligence},
	Date-Added = {2013-11-29 17:37:52 +0000},
	Date-Modified = {2013-11-29 17:37:52 +0000},
	Key = {wong96a},
	Pages = {545-553},
	Publisher = {Morgan Kaufmann Publishers},
	Title = {Testing Implication of Probabilistic Dependencies},
	Year = {1996}}

@article{coop90,
	Author = {Cooper, G.F.},
	Date-Added = {2013-11-29 17:37:52 +0000},
	Date-Modified = {2013-11-29 17:37:52 +0000},
	Journal = {Artificial Intelligence},
	Key = {coop90},
	Number = {2-3},
	Pages = {393-405},
	Title = {The Computational Complexity of Probabilistic Inference Using Bayesian Belief Networks},
	Volume = {42},
	Year = {1990}}

@article{pool97,
	Author = {Poole, D.},
	Date-Added = {2013-11-29 17:37:52 +0000},
	Date-Modified = {2013-11-29 17:37:52 +0000},
	Journal = {Artificial Intelligence},
	Key = {pool97},
	Pages = {7--56},
	Title = {The Independent Choice Logic for Modelling Multiple Agents Under Uncertainty},
	Volume = {94},
	Year = {1997}}

@inproceedings{pear87,
	Author = {Pearl, J. and Verma, T.},
	Booktitle = {AAAI87 Sixth National Conference on Artificial Intelligence},
	Date-Added = {2013-11-29 17:37:52 +0000},
	Date-Modified = {2013-11-29 17:37:52 +0000},
	Key = {pear87},
	Pages = {374-379},
	Title = {The Logic of Representing Dependencies by Directed Graphs},
	Volume = {1},
	Year = {1987}}

@article{barb92,
	Author = {Barbara, D. and Garcia-Molina, H. and Porter, D.},
	Date-Added = {2013-11-29 17:37:52 +0000},
	Date-Modified = {2014-07-10 23:47:20 +0000},
	Journal = {IEEE Transactions on Knowledge and Data Engineering},
	Key = {barb92},
	Number = {5},
	Pages = {487--502},
	Title = {The Management of Probabilistic Data},
	Volume = {4},
	Year = {1992}}

@article{eswa76,
	Author = {Eswaran, K.P. and Gray, J.N. and Lorie, R.A. and Traiger, I.L.},
	Date-Added = {2013-11-29 17:37:52 +0000},
	Date-Modified = {2013-11-29 17:37:52 +0000},
	Journal = {Communication of ACM},
	Key = {eswa76},
	Month = {November},
	Number = {11},
	Pages = {624-633},
	Title = {The Notions of Consistency and Predicate Locks in a Database System},
	Volume = {19},
	Year = {1976}}

@article{wong97,
	Author = {Wong, S.K.M.},
	Date-Added = {2013-11-29 17:37:52 +0000},
	Date-Modified = {2013-11-29 17:37:52 +0000},
	Journal = {Submitted for publication},
	Key = {wong97},
	Title = {The Relational Structure of Belief Networks},
	Year = {1998}}

@book{papa86,
	Address = {Rockville, Maryland},
	Author = {Papadimitriou, Christos},
	Date-Added = {2013-11-29 17:37:52 +0000},
	Date-Modified = {2013-11-29 17:37:52 +0000},
	Key = {papa86},
	Publisher = {Computer Science Press},
	Series = {Principles of Computer Science},
	Title = {The Theory of Database Concurrency Control},
	Year = {1986}}

@article{aho79a,
	Author = {Aho, A. V. and Beeri, C. and Ullman, J. D.},
	Date-Added = {2013-11-29 17:37:52 +0000},
	Date-Modified = {2013-11-29 17:37:52 +0000},
	Journal = {ACM Transactions on Database Systems},
	Key = {aho79a},
	Month = {September},
	Number = {3},
	Pages = {297-314},
	Title = {The Theory of Joins in Relational Databases},
	Volume = {4},
	Year = {1979}}

@book{maie83,
	Author = {Maier, D.},
	Date-Added = {2013-11-29 17:37:52 +0000},
	Date-Modified = {2014-02-13 16:50:03 +0000},
	Publisher = {Computer Science Press},
	Title = {The Theory of Relational Databases},
	Year = {1983}}

@book{bool79,
	Author = {Boolos, G.},
	Date-Added = {2013-11-29 17:37:52 +0000},
	Date-Modified = {2013-11-29 17:37:52 +0000},
	Key = {bool79},
	Publisher = {Cambridge University Press},
	Title = {The Unprovability of Consistency},
	Year = {1979}}

@article{fagi83,
	Author = {Fagin, R. and Maier, D. and Ullman, J. and Yannakakis, M.},
	Date-Added = {2013-11-29 17:37:52 +0000},
	Date-Modified = {2013-11-29 17:37:52 +0000},
	Journal = {SIAM Journal on Computing},
	Key = {fagi84},
	Month = {February},
	Number = {1},
	Pages = {36--59},
	Title = {Tools for Template Dependencies},
	Volume = {12},
	Year = {1983}}

@article{trai82,
	Author = {Traiger, I. L. and Gray, J. and Galthier, C. A. and Lindsay, B.G.},
	Date-Added = {2013-11-29 17:37:52 +0000},
	Date-Modified = {2013-11-29 17:37:52 +0000},
	Journal = {ACM Transactions on Database Systems},
	Key = {trai82},
	Month = {September},
	Number = {4},
	Pages = {323-342},
	Title = {Transactions and Consistency in Distributed Database Systems},
	Volume = {7},
	Year = {1982}}

@inproceedings{dech88,
	Address = {St. Paul, MA},
	Author = {Dechter, R. and Pearl, J.},
	Booktitle = {AAAI88 Seventh National Conference on Artificial Intelligence},
	Date-Added = {2013-11-29 17:37:52 +0000},
	Date-Modified = {2013-11-29 17:37:52 +0000},
	Key = {dech88},
	Pages = {150-154},
	Title = {Tree-clustering Schemes for Constraint Processing},
	Volume = {1},
	Year = {1987}}

@article{rose70,
	Author = {Rose, D.J.},
	Date-Added = {2013-11-29 17:37:52 +0000},
	Date-Modified = {2013-11-29 17:37:52 +0000},
	Journal = {J. Math. Anal. Appl.},
	Key = {rose70},
	Pages = {597--609},
	Title = {Triangulated Graphs and the Elimination Process},
	Volume = {32},
	Year = {1970}}

@book{haje92,
	Author = {Hajek, P. and Havranek, T. and Jirousek, R.},
	Date-Added = {2013-11-29 17:37:52 +0000},
	Date-Modified = {2013-11-29 17:37:52 +0000},
	Key = {haje92},
	Publisher = {CRC Press},
	Title = {Uncertain Information Processing in Expert Systems},
	Year = {1992}}

@article{mein83,
	Author = {Meinhold, R.J. and Singpurwalla, N.D.},
	Date-Added = {2013-11-29 17:37:52 +0000},
	Date-Modified = {2013-11-29 17:37:52 +0000},
	Journal = {AM. Statistic.},
	Key = {mein83},
	Pages = {241-288},
	Title = {Understanding the Kalman Filter},
	Volume = {37},
	Year = {1983}}

@article{bern81a,
	Author = {Bernstein, Philip A. and Chiu, Dah-Ming W.},
	Date-Added = {2013-11-29 17:37:52 +0000},
	Date-Modified = {2013-11-29 17:37:52 +0000},
	Journal = {Association for Computing Machinery},
	Key = {bern81a},
	Month = {January},
	Number = {1},
	Pages = {25-40},
	Title = {Using Semi-Joins to Solve Relational Queries},
	Volume = {28},
	Year = {1981}}

@article{ziar93,
	Author = {Ziarko, W.},
	Date-Added = {2013-11-29 17:37:52 +0000},
	Date-Modified = {2013-11-29 17:37:52 +0000},
	Journal = {Journal of Computer and System Sciences},
	Key = {ziar93},
	Number = {1},
	Pages = {39--59},
	Title = {Variable Precision Rough Set Model},
	Volume = {46},
	Year = {1993}}

@article{xian98,
	Author = {Xiang, Y.},
	Date-Added = {2013-11-29 17:37:52 +0000},
	Date-Modified = {2013-11-29 17:37:52 +0000},
	Journal = {Networks},
	Key = {xian98},
	Pages = {183-191},
	Title = {Verification of DAG Structures in Cooperative Belief Network Based Multi-agent Systems},
	Volume = {31},
	Year = {1998}}

@inproceedings{fisc84,
	Author = {Fischer, P. and Van Gucht, D.},
	Booktitle = {Proceedings of the Third ACM SIGACT-SIGMOD Symposium on the Principles of Database Systems},
	Date-Added = {2013-11-29 17:37:52 +0000},
	Date-Modified = {2013-11-29 17:37:52 +0000},
	Key = {fisc84},
	Pages = {266--274},
	Title = {Weak Multivalued Dependencies},
	Year = 1984}

@conference{gogate13,
	Author = {V. Gogate and P. Domingos},
	Booktitle = {Proceedings of the Twenty-Ninth Conference on Uncertainty in Artificial Intelligence},
	Date-Added = {2013-11-22 06:22:10 +0000},
	Date-Modified = {2014-02-13 16:40:25 +0000},
	Pages = {252--261},
	Title = {Structured Message Passing},
	Year = {2013}}

@conference{dechter96,
	Author = {R. Dechter},
	Booktitle = {Proceedings of the Twelfth Conference on Uncertainty in Artificial Intelligence},
	Date-Added = {2013-11-19 17:04:46 +0000},
	Date-Modified = {2014-02-13 20:46:40 +0000},
	Pages = {211-219},
	Title = {Bucket elimination: A unifying framework for reasoning},
	Year = {1996}}

@book{darwiche09,
	Author = {A. Darwiche},
	Date-Added = {2013-11-19 16:54:15 +0000},
	Date-Modified = {2014-02-13 16:31:32 +0000},
	Publisher = {Cambridge University Press},
	Title = {Modeling and Reasoning with Bayesian Networks},
	Year = {2009}}

@article{dechter99,
	Author = {R. Dechter},
	Date-Added = {2013-11-19 02:04:34 +0000},
	Date-Modified = {2014-02-12 22:05:55 +0000},
	Journal = {Artificial Intelligence},
	Number = {1},
	Pages = {41-85},
	Title = {Bucket elimination: A unifying framework for reasoning},
	Volume = {113},
	Year = {1999}}

@conference{zhan94,
	Author = {N. L. Zhang and D. Poole},
	Booktitle = {Proceedings of the Tenth Canadian Artificial Intelligence Conference},
	Date-Added = {2013-11-01 23:00:36 +0000},
	Date-Modified = {2015-05-25 18:50:30 +0000},
	Pages = {171-178},
	Title = {A simple approach to {B}ayesian network computations},
	Year = {1994}}

@book{ware04,
	Author = {C. Ware},
	Date-Added = {2013-11-01 22:56:34 +0000},
	Date-Modified = {2013-11-01 22:57:52 +0000},
	Publisher = {Elsevier},
	Title = {Information visualization: perception for design},
	Year = {2012}}

@article{shafer90,
	Author = {G.R. Shafer and P.P. Shenoy},
	Date-Added = {2013-11-01 22:51:13 +0000},
	Date-Modified = {2013-11-01 22:53:18 +0000},
	Journal = {Annals of Mathematics and Artificial Intelligence},
	Number = {1-4},
	Pages = {327-351},
	Title = {Probability propagation},
	Volume = {2},
	Year = {1990}}

@book{shafer96,
	Author = {G. Shafer},
	Date-Added = {2013-11-01 22:40:07 +0000},
	Date-Modified = {2013-11-01 22:41:23 +0000},
	Publisher = {Philadelphia: Society for Industrial and Applied Mathematics},
	Title = {Probabilistic Expert Systems},
	Volume = {67},
	Year = {1996}}

@article{shachter91,
	Author = {R.D. Shachter},
	Date-Added = {2013-11-01 22:33:38 +0000},
	Date-Modified = {2013-11-01 22:38:55 +0000},
	Journal = {Proceedings of the Seventh conference on Uncertainty in Artificial Intelligence},
	Pages = {353-360},
	Title = {A graph-based inference method for conditional independence},
	Year = {1991}}

@book{russell09,
	Author = {S.J. Russell and P. Norvig},
	Date-Added = {2013-11-01 22:17:27 +0000},
	Date-Modified = {2013-11-01 22:29:48 +0000},
	Edition = {3},
	Publisher = {Prentice Hall},
	Title = {Artificial Intelligence: A Modern Approach},
	Year = {2010}}

@article{qi06,
	Author = {Y. Qi and A. Rolfe and K.D. MacIsaac and G.K. Gerber and D. Pokholok and J. Zeitlinger and T. Danford and R.D. Dowell and E. Fraenkel and T.S. Jaakkola and R.A. Young and D.K. Gifford},
	Date-Added = {2013-11-01 22:13:00 +0000},
	Date-Modified = {2013-11-01 22:16:27 +0000},
	Journal = {Nature biotechnology},
	Number = {8},
	Pages = {963-970},
	Title = {High-resolution computational models of genome binding events},
	Volume = {24},
	Year = {2006}}

@article{cai00,
	Author = {D. Cai and A. Delcher and B. Kao and S. Kasif},
	Date-Added = {2013-11-01 17:13:41 +0000},
	Date-Modified = {2013-11-01 19:59:16 +0000},
	Journal = {Bioinformatics},
	Number = {2},
	Pages = {152-158},
	Title = {Modeling splice sites with Bayes networks},
	Volume = {16},
	Year = {2000}}

@book{pear88,
	Author = {J. Pearl},
	Date-Added = {2013-11-01 22:09:02 +0000},
	Date-Modified = {2014-02-13 16:54:41 +0000},
	Publisher = {Morgan Kaufmann},
	Title = {Probabilistic Reasoning in Intelligent Systems: Networks of Plausible Inference},
	Year = {1988}}

@phdthesis{olmsted83,
	Author = {S. Olmsted},
	Date-Added = {2013-11-01 20:18:12 +0000},
	Date-Modified = {2014-02-13 16:53:19 +0000},
	School = {Stanford University},
	Title = {On Representing and Solving Decision Problems},
	Year = {1983}}

@book{neapolitan03,
	Author = {R.E. Neapolitan},
	Date-Added = {2013-11-01 20:15:19 +0000},
	Date-Modified = {2013-11-01 20:18:01 +0000},
	Publisher = {Upper Saddle River: Pearson Prentice Hall},
	Title = {Learning Bayesian Networks},
	Year = {2004}}

@book{neapolitan2009,
	Author = {R.E. Neapolitan},
	Date-Added = {2013-11-01 20:11:21 +0000},
	Date-Modified = {2013-11-01 20:16:19 +0000},
	Publisher = {Morgan Kaufmann},
	Title = {Probabilistic methods for bioinformatics: with an introduction to Bayesian networks},
	Year = {2009}}

@article{madsen99,
	Author = {Anders L. Madsen and F. V. Jensen},
	Date-Added = {2013-11-01 20:09:09 +0000},
	Date-Modified = {2014-08-13 05:06:34 +0000},
	Journal = {Artificial Intelligence},
	Number = {1-2},
	Pages = {203-245},
	Title = {Lazy propagation: A junction tree inference algorithm based on lazy evaluation},
	Volume = {113},
	Year = {1999}}

@article{butz13,
	Author = {Anders L. Madsen and Cory J. Butz},
	Date-Added = {2013-11-01 19:54:02 +0000},
	Date-Modified = {2015-05-25 18:49:09 +0000},
	Journal = {International Journal of Approximate Reasoning},
	Number = {8},
	Pages = {1182-1196},
	Title = {Ordering Arc-Reversal Operations when Eliminating Variables in Lazy {AR} Propagation},
	Volume = {54},
	Year = {2013}}

@article{madsen10,
	Author = {Anders L. Madsen},
	Date-Added = {2013-11-01 19:52:11 +0000},
	Date-Modified = {2014-07-10 19:23:53 +0000},
	Journal = {International Journal of Approximate Reasoning},
	Number = {5},
	Pages = {499-514},
	Title = {Improvements to message computation in lazy propagation},
	Volume = {51},
	Year = {2010}}

@article{letovsky03,
	Author = {S. Letovsky and S. Kasif},
	Date-Added = {2013-11-01 19:49:05 +0000},
	Date-Modified = {2013-11-01 20:00:18 +0000},
	Journal = {Bioinformatics},
	Number = {suppl 1},
	Pages = {i197-i204},
	Title = {Predicting protein function from protein/protein interaction data: a probabilistic approach},
	Volume = {19},
	Year = {2003}}

@article{lauritzen03,
	Author = {S. L. Lauritzen and N. A. Sheehan},
	Date-Added = {2013-11-01 19:47:52 +0000},
	Date-Modified = {2013-11-01 19:48:43 +0000},
	Journal = {Statistical Science},
	Pages = {489-514},
	Title = {Graphical models for genetic analyses},
	Year = {2003}}

@article{kim83,
	Author = {J.H. Kim and J. Pearl},
	Date-Added = {2013-11-01 18:11:32 +0000},
	Date-Modified = {2013-11-01 18:13:16 +0000},
	Journal = {IJCAI},
	Pages = {190-193},
	Title = {A computational model for causal and diagnostic reasoning in inference engines},
	Year = {1983}}

@book{koll09,
	Author = {D. Koller and N. Friedman},
	Date-Added = {2013-11-01 18:09:14 +0000},
	Date-Modified = {2014-02-13 16:45:45 +0000},
	Publisher = {MIT Press},
	Title = {Probabilistic Graphical Models: Principles and Techniques},
	Year = {2009}}

@book{jensen96,
	Author = {F. V. Jensen},
	Date-Added = {2013-11-01 18:07:32 +0000},
	Date-Modified = {2014-12-23 17:52:33 +0000},
	Publisher = {UCL press},
	Title = {An Introduction to Bayesian Networks},
	Volume = {210},
	Year = {1996}}

@article{friedman04,
	Author = {N. Friedman},
	Date-Added = {2013-11-01 18:04:18 +0000},
	Date-Modified = {2013-11-01 19:59:57 +0000},
	Journal = {Science},
	Number = {5659},
	Pages = {799-805},
	Title = {Inferring cellular networks using probabilistic graphical models},
	Volume = {303},
	Year = {2004}}

@article{huang96,
	Author = {C. Huang and A. Darwiche},
	Date-Added = {2013-11-01 18:01:52 +0000},
	Date-Modified = {2013-11-01 19:59:48 +0000},
	Journal = {International Journal of Approximate Reasoning},
	Number = {3},
	Pages = {225-263},
	Title = {Inference in belief networks: A procedural guide},
	Volume = {15},
	Year = {1996}}

@article{delcher93,
	Author = {A.L. Delcher and S. Kasif and H.R. Goldberg and W.H. Hsu},
	Date-Added = {2013-11-01 17:57:59 +0000},
	Date-Modified = {2013-11-01 18:01:12 +0000},
	Journal = {ISMB},
	Pages = {109-117},
	Title = {Protein Secondary-Structure Modeling with Probabilistic Networks},
	Year = {1993}}

@book{darwin59,
	Author = {Charles Darwin},
	Date-Added = {2013-11-01 17:55:13 +0000},
	Date-Modified = {2014-02-13 16:32:19 +0000},
	Publisher = {John Murray},
	Title = {On the Origin of Species},
	Year = {1859}}

@book{castillo97,
	Author = {E. Castillo and J. Guti\'errez and A. Hadi},
	Date-Added = {2013-11-01 17:47:52 +0000},
	Date-Modified = {2013-11-01 22:10:53 +0000},
	Publisher = {Springer},
	Title = {Expert Systems and Probabilistic Network Models},
	Year = {1997}}

@book{campbell09,
	Author = {N. A. Campbell and J. B. Reece},
	Date-Added = {2013-11-01 17:29:20 +0000},
	Date-Modified = {2014-02-13 16:30:02 +0000},
	Publisher = {Pearson Benjamin Cummings},
	Title = {Biology},
	Year = {2009}}

@article{butz09,
	Author = {C. J. Butz and S. Hua and J. Chen and H. Yao},
	Date-Added = {2013-11-01 17:05:36 +0000},
	Date-Modified = {2015-02-25 17:42:14 +0000},
	Journal = {Information Sciences},
	Number = {699-716},
	Rating = {0},
	Read = {0},
	Title = {A simple graphical approach for understanding probabilistic inference in Bayesian networks},
	Volume = {179},
	Year = {2009}}

@article{lauritzen90,
	Author = {Lauritzen, S. L. and Dawid, A. P. and Larsen, B. N. and Leimer, H. G.},
	Date-Modified = {2014-02-12 22:50:35 +0000},
	Journal = {Networks},
	Pages = {491-505},
	Title = {Independence properties of directed Markov fields},
	Volume = {20},
	Year = {1990}}

@book{dawkins76,
	Author = {Dawkins, R.},
	Date-Modified = {2015-02-10 21:53:53 +0000},
	Publisher = {Oxford U. Press},
	Title = {The Selfish Gene},
	Year = {1976}}

@book{dawkins09,
	Author = {Dawkins, R.},
	Date-Modified = {2014-02-13 16:33:32 +0000},
	Publisher = {Free Press},
	Title = {The Greatest Show on Earth: The Evidence for Evolution},
	Year = {2009}}

@book{coyne09,
	Author = {Coyne, J. A.},
	Date-Modified = {2014-02-13 16:30:48 +0000},
	Publisher = {Oxford University Press},
	Title = {Why Evolution is True},
	Year = {2009}}

@article{wong00,
	Author = {Wong, S. K. Michael and Butz, Cory J. and Wu, Dan},
	Date-Modified = {2014-03-30 22:54:09 +0000},
	Journal = {Systems, Man and Cybernetics, Part A: Systems and Humans, IEEE Transactions on},
	Number = {6},
	Pages = {785--805},
	Publisher = {IEEE},
	Title = {On the implication problem for probabilistic conditional independency},
	Volume = {30},
	Year = {2000}}
